% This file was created with JabRef 2.8.
% Encoding: ISO8859_1

@ARTICLE{mackerell2004extending,
  author = {MacKerell, Alexander D and Feig, Michael and Brooks, Charles L},
  title = {Extending the treatment of backbone energetics in protein force fields:
	Limitations of gas-phase quantum mechanics in reproducing protein
	conformational distributions in molecular dynamics simulations},
  journal = {Journal of computational chemistry},
  year = {2004},
  volume = {25},
  pages = {1400--1415},
  number = {11},
  file = {mackerell2004extending.pdf:mackerell2004extending.pdf:PDF},
  publisher = {Wiley Online Library},
  timestamp = {2013.10.14}
}

@article{jorgensen1983comparison,
  title={Comparison of simple potential functions for simulating liquid water},
  author={Jorgensen, William L and Chandrasekhar, Jayaraman and Madura, Jeffry D and Impey, Roger W and Klein, Michael L},
  journal={The Journal of chemical physics},
  volume={79},
  number={2},
  pages={926--935},
  year={1983},
  publisher={AIP Publishing}
}

@ARTICLE{foloppe2000all,
  author = {Foloppe, Nicolas and MacKerell Jr, Alexander D},
  title = {All-atom empirical force field for nucleic acids: I. Parameter optimization
	based on small molecule and condensed phase macromolecular target
	data},
  journal = {Journal of Computational Chemistry},
  year = {2000},
  volume = {21},
  pages = {86--104},
  number = {2},
  file = {foloppe2000all.pdf:foloppe2000all.pdf:PDF},
  publisher = {Wiley Online Library},
  timestamp = {2014.02.17}
}

@ARTICLE{bjelkmar2010implementation,
  author = {Bjelkmar, P\"{a}r and Larsson, Per and Cuendet, Michel A and Hess,
	Berk and Lindahl, Erik},
  title = {Implementation of the CHARMM force field in GROMACS: Analysis of
	protein stability effects from correction maps, virtual interaction
	sites, and water models},
  journal = {Journal of Chemical Theory and Computation},
  year = {2010},
  volume = {6},
  pages = {459--466},
  number = {2},
  file = {bjelkmar2010implementation.pdf:bjelkmar2010implementation.pdf:PDF},
  publisher = {ACS Publications},
  timestamp = {2013.10.14}
}

@ARTICLE{hess1997lincs,
  author = {Hess, B. and Bekker, H. and Berendsen, H.J.C. and Fraaije, J.G.E.M.},
  title = {{LINCS: a linear constraint solver for molecular simulations}},
  journal = {Journal of Computational Chemistry},
  year = {1997},
  volume = {18},
  pages = {1463--1472},
  number = {12},
  file = {hess1997lincs.pdf:hess1997lincs.pdf:PDF},
  owner = {wanghan},
  publisher = {Citeseer},
  review = {LINCS},
  timestamp = {2010.05.13}
}

@ARTICLE{miyamoto2004settle,
  author = {Miyamoto, S. and Kollman, P.A.},
  title = {{SETTLE: an analytical version of the SHAKE and RATTLE algorithm for
	rigid water models}},
  journal = {Journal of Computational Chemistry},
  year = {2004},
  volume = {13},
  pages = {952--962},
  number = {8},
  file = {miyamoto2004settle.pdf:miyamoto2004settle.pdf:PDF},
  publisher = {John Wiley \& Sons},
  timestamp = {2010.05.13}
}

@ARTICLE{darden1993pme,
  author = {Darden, T. and York, D. and Pedersen, L.},
  title = {Particle mesh Ewald: An NÂ· log (N) method for Ewald sums in large
	systems},
  journal = {The Journal of Chemical Physics},
  year = {1993},
  volume = {98},
  pages = {10089},
  file = {darden1993pme.pdf:darden1993pme.pdf:PDF},
  publisher = {AIP}
}

@ARTICLE{essmann1995spm,
  author = {Essmann, U. and Perera, L. and Berkowitz, M.L. and Darden, T. and
	Lee, H. and Pedersen, L.G.},
  title = {A smooth particle mesh Ewald method},
  journal = {The Journal of Chemical Physics},
  year = {1995},
  volume = {103},
  pages = {8577},
  number = {19},
  file = {essmann1995spm.pdf:essmann1995spm.pdf:PDF}
}

@ARTICLE{brooks1983deformable,
  author = {Brooks III, C.L. and Karplus, M.},
  title = {Deformable stochastic boundaries in molecular dynamics},
  journal = {The Journal of chemical physics},
  year = 1983,
  volume = 79,
  pages = 6312,
  file = {brooks1983deformable.pdf:brooks1983deformable.pdf:PDF},
  timestamp = {2014.01.17}
}

@ARTICLE{gfeller2007complex,
  author = {Gfeller, D and De Los Rios, P and Caflisch, A and Rao, F},
  title = {Complex network analysis of free-energy landscapes},
  journal = {Proceedings of the National Academy of Sciences},
  year = {2007},
  volume = {104},
  pages = {1817--1822},
  number = {6},
  file = {gfeller2007complex.pdf:gfeller2007complex.pdf:PDF;:gfeller2007complex.si.pdf:PDF},
  publisher = {National Acad Sciences},
  timestamp = {2014.01.17}
}
@article{green1954markoff,
  title={Markoff Random Processes and the Statistical Mechanics of Time-Dependent Phenomena. II. Irreversible Processes in Fluids},
  author={Green, Melville S},
  journal={Journal of Chemical Physics},
  volume={22},
  pages={398--413},
  year={1954},
  publisher={AIP Publishing}
}
@article{kubo1957statistical,
  title={{Statistical-mechanical theory of irreversible processes. I. General theory and simple applications to magnetic and conduction problems}},
  author={Kubo, Ryogo},
  journal={Journal of the Physical Society of Japan},
  volume={12},
  number={6},
  pages={570--586},
  year={1957},
  publisher={The Physical Society of Japan}
}

@BOOK{tuckeman2010statistical,
  title = {Statistical Mechanics: Theory and Molecular Simulation},
  publisher = {Oxford University Press, USA},
  year = 2010,
  author = {Tuckerman, M.E.},
  file = {tuckeman2010statistical.pdf:tuckeman2010statistical.pdf:PDF},
  timestamp = {2010.07.19},
page=499
}




@INPROCEEDINGS{ciccotti1993theoretical,
  author = {Ciccotti, G. and Pierleoni, C. and Ryckaert, J.P.},
  title = {Theoretical foundation and rheological application of non-equilibrium
	molecular dynamics},
  booktitle = {Microscopic simulations of complex hydrodynamic phenomena},
  year = {1993},
  pages = {25--45},
  organization = {Plenum Press},
  file = {ciccotti1993theoretical.pdf:ciccotti1993theoretical.pdf:PDF},
  timestamp = {2013.11.07}
}

@article{palla2008bulk,
  title={Bulk viscosity of the Lennard-Jones system at the triple point by dynamical nonequilibrium molecular dynamics},
  author={Palla, P.L. and Pierleoni, C. and Ciccotti, G.},
  journal={Physical Review E},
  volume={78},
  number={2},
  pages={021204},
  year={2008},
  publisher={APS},
  timestamp = {2013.11.07}
}

@ARTICLE{prada2013quest,
  author = {Prada-Gracia, Diego and Shevchuk, Roman and Rao, Francesco},
  title = {The quest for self-consistency in hydrogen-bond definitions},
  journal = {The Journal of Chemical Physics},
  year = {2013},
  volume = {139},
  pages = {084501},
  file = {prada2013quest.pdf:prada2013quest.pdf:PDF},
  timestamp = {2013.10.04}
}

@ARTICLE{parrinello1981polymorphic,
  author = {Parrinello, M. and Rahman, A.},
  title = {Polymorphic transitions in single crystals: A new molecular dynamics
	method},
  journal = {Journal of Applied Physics},
  year = {1981},
  volume = {52},
  pages = {7182},
  file = {parrinello1981polymorphic.pdf:parrinello1981polymorphic.pdf:PDF},
  review = {Parrinello-Rahman barostat},
  timestamp = {2010.05.13}
}


@article{scovell2000phase,
  title={Phase transitions in vapor-deposited water under the influence of high surface electric fields},
  author={Scovell, Dawn L and Pinkerton, Tim D and Medvedev, Valentin K and Stuve, Eric M},
  journal={Surface science},
  volume={457},
  number={3},
  pages={365--376},
  year={2000},
  publisher={Elsevier}
}

@article{vitalini2013speed,
  title={The speed of force fields},
  author={Vitalini, F. and  Mey, A.S.J.S. and No\'e, F.  and Keller, B.G. },
year  = {2013},
  journal={unpublished}
}



@ARTICLE{vogel2008femtosecond,
  author = {Vogel, A. and Linz, N. and Freidank, S. and Paltauf, G.},
  title = {Femtosecond-laser-induced nanocavitation in water: implications for
	optical breakdown threshold and cell surgery},
  journal = {Physical review letters},
  year = {2008},
  volume = {100},
  pages = {38102},
  number = {3},
  file = {vogel2008femtosecond.pdf:vogel2008femtosecond.pdf:PDF},
  publisher = {APS},
  timestamp = {2013.01.17}
}

@ARTICLE{bohner2012algorithm,
  author = {Bohner, Matthias U and K{\"a}stner, Johannes},
  title = {An algorithm to find minimum free-energy paths using umbrella integration},
  journal = {The Journal of Chemical Physics},
  year = {2012},
  volume = {137},
  pages = {034105},
  file = {bohner2012algorithm.pdf:bohner2012algorithm.pdf:PDF},
  timestamp = {2013.08.13}
}


@ARTICLE{delaHoz2005microwaves,
  author = {de la Hoz, Antonio and Diaz-Ortiz, Angel and Moreno, Andres},
  title = {Microwaves in organic synthesis. Thermal and non-thermal microwave
	effects},
  journal = {Chemical Society Reviews},
  year = {2005},
  volume = {34},
  pages = {164--178},
  number = {2},
  file = {delaHoz2005microwaves.pdf:delaHoz2005microwaves.pdf:PDF},
  publisher = {Royal Society of Chemistry},
  timestamp = {2013.07.26}
}


@ARTICLE{starzyk2013proteins,
  author = {Starzyk, A. and Cieplak, M.},
  title = {Proteins in the electric field near the surface of mica},
  journal = {The Journal of Chemical Physics},
  year = {2013},
  volume = {139},
  pages = {045102},
  file = {starzyk2013proteins.pdf:starzyk2013proteins.pdf:PDF},
  timestamp = {2013.07.24}
}

@ARTICLE{bohr2000microwave,
  author = {Bohr, Henrik and Bohr, Jakob},
  title = {Microwave-enhanced folding and denaturation of globular proteins},
  journal = {Physical Review E},
  year = {2000},
  volume = {61},
  pages = {4310},
  number = {4},
  file = {bohr2000microwave.pdf:bohr2000microwave.pdf:PDF},
  publisher = {APS},
  timestamp = {2013.07.26}
}

@ARTICLE{bohr2000microwave-1,
  author = {Bohr, Henrik and Bohr, Jakob},
  title = {Microwave enhanced kinetics observed in ORD studies of a protein},
  journal = {Bioelectromagnetics},
  year = {2000},
  volume = {21},
  pages = {68--72},
  number = {1},
  file = {bohr2000microwave-1.pdf:bohr2000microwave-1.pdf:PDF},
  publisher = {Wiley Online Library},
  timestamp = {2013.07.26}
}

@ARTICLE{dePomerai2000cell,
  author = {de Pomerai, David and Daniells, Clare and David, Helen and Allan,
	Joanna and Duce, Ian and Mutwakil, Mohammed and Thomas, David and
	Sewell, Phillip and Tattersall, John and Jones, Don and Candido,
	Peter},
  title = {Cell biology: Non-thermal heat-shock response to microwaves},
  journal = {Nature},
  year = {2000},
  volume = {405},
  pages = {417--418},
  file = {dePomerai2000cell.pdf:dePomerai2000cell.pdf:PDF},
  timestamp = {2013.07.26}
}

@ARTICLE{inskip2001cellular,
  author = {Inskip, Peter D and Tarone, Robert E and Hatch, Elizabeth E and Wilcosky,
	Timothy C and Shapiro, William R and Selker, Robert G and Fine, Howard
	A and Black, Peter M and Loeffler, Jay S and Linet, Martha S},
  title = {Cellular-telephone use and brain tumors},
  journal = {New England Journal of Medicine},
  year = {2001},
  volume = {344},
  pages = {79--86},
  number = {2},
  file = {inskip2001cellular.pdf:inskip2001cellular.pdf:PDF},
  publisher = {Mass Medical Soc},
  timestamp = {2013.07.26}
}

@ARTICLE{mancinelli2004non,
  author = {Mancinelli, Fabrizio and Caraglia, Michele and Abbruzzese, Alberto
	and d'Ambrosio, Guglielmo and Massa, Rita and Bismuto, Ettore},
  title = {Non-thermal effects of electromagnetic fields at mobile phone frequency
	on the refolding of an intracellular protein: Myoglobin},
  journal = {Journal of cellular biochemistry},
  year = {2004},
  volume = {93},
  pages = {188--196},
  number = {1},
  file = {mancinelli2004non.pdf:mancinelli2004non.pdf:PDF},
  publisher = {Wiley Online Library},
  timestamp = {2013.07.26}
}


@ARTICLE{ottinger1997dynamics,
  author = {{\"O}ttinger, H.C. and Grmela, M.},
  title = {Dynamics and thermodynamics of complex fluids. II. Illustrations
	of a general formalism},
  journal = {Physical Review E},
  year = {1997},
  volume = {56},
  pages = {6633},
  number = {6},
  file = {ottinger1997dynamics.pdf:ottinger1997dynamics.pdf:PDF},
  publisher = {APS},
  timestamp = {2012.09.11}
}

@ARTICLE{afrin2009tensile,
  author = {Afrin, R. and Takahashi, I. and Shiga, K. and Ikai, A.},
  title = {Tensile mechanics of alanine-based helical polypeptide: force spectroscopy
	versus computer simulations},
  journal = {Biophysical journal},
  year = {2009},
  volume = {96},
  pages = {1105},
  number = {3},
  file = {afrin2009tensile.pdf:afrin2009tensile.pdf:PDF},
  publisher = {The Biophysical Society},
  timestamp = {2013.01.16}
}

@ARTICLE{allen2006forward,
  author = {Allen, R.J. and Frenkel, D. and ten Wolde, P.R.},
  title = {Forward flux sampling-type schemes for simulating rare events: efficiency
	analysis.},
  journal = {The Journal of chemical physics},
  year = {2006},
  volume = {124},
  pages = {194111},
  number = {19},
  file = {allen2006forward.pdf:allen2006forward.pdf:PDF},
  timestamp = {2013.01.16}
}

@ARTICLE{allen2006simulating,
  author = {Allen, R.J. and Frenkel, D. and ten Wolde, P.R.},
  title = {Simulating rare events in equilibrium or nonequilibrium stochastic
	systems},
  journal = {Journal of Chemical Physics},
  year = {2006},
  volume = {124},
  pages = {4102},
  number = {2},
  file = {allen2006simulating.pdf:allen2006simulating.pdf:PDF},
  timestamp = {2013.01.16}
}

@ARTICLE{allesch2008first,
  author = {Allesch, M. and Lightstone, F.C. and Schwegler, E. and Galli, G.},
  title = {First principles and classical molecular dynamics simulations of
	solvated benzene},
  journal = {The Journal of chemical physics},
  year = {2008},
  volume = {128},
  pages = {014501},
  file = {allesch2008first.pdf:allesch2008first.pdf:PDF},
  timestamp = {2012.05.03}
}

@ARTICLE{andrieux2007fluctuation,
  author = {Andrieux, D. and Gaspard, P.},
  title = {A fluctuation theorem for currents and non-linear response coefficients},
  journal = {Journal of Statistical Mechanics: Theory and Experiment},
  year = {2007},
  volume = {2007},
  pages = {P02006},
  file = {andrieux2007fluctuation.pdf:andrieux2007fluctuation.pdf:PDF},
  publisher = {IOP Publishing},
  timestamp = {2012.07.26}
}

@ARTICLE{apostolakis1999calculation,
  author = {Apostolakis, J. and Ferrara, P. and Caflisch, A.},
  title = {Calculation of conformational transitions and barriers in solvated
	systems: Application to the alanine dipeptide in water},
  journal = {The Journal of chemical physics},
  year = {1999},
  volume = {110},
  pages = {2099--2108},
  number = {4},
  file = {apostolakis1999calculation.pdf:apostolakis1999calculation.pdf:PDF},
  publisher = {American Institute of Physics},
  timestamp = {2012.10.26}
}

@ARTICLE{ashbaugh2003hydration,
  author = {Ashbaugh, H.S. and Asthagiri, D. and Pratt, L.R. and Rempe, S.B.},
  title = {Hydration of krypton and consideration of clathrate models of hydrophobic
	effects from the perspective of quasi-chemical theory},
  journal = {Biophysical chemistry},
  year = {2003},
  volume = {105},
  pages = {323--338},
  number = {2-3},
  file = {ashbaugh2003hydration.pdf:ashbaugh2003hydration.pdf:PDF},
  publisher = {Elsevier},
  timestamp = {2012.05.02}
}

@ARTICLE{astrakas2011electric,
  author = {Astrakas, Loukas and Gousias, Christos and Tzaphlidou, Margaret},
  title = {Electric field effects on chignolin conformation},
  journal = {Journal of Applied Physics},
  year = {2011},
  volume = {109},
  pages = {094702--094702},
  number = {9},
  file = {astrakas2011electric.pdf:astrakas2011electric.pdf:PDF},
  publisher = {AIP},
  timestamp = {2013.07.19}
}

@ARTICLE{astrakas2012structural,
  author = {Astrakas, Loukas G and Gousias, Christos and Tzaphlidou, Margaret},
  title = {Structural destabilization of chignolin under the influence of oscillating
	electric fields},
  journal = {Journal of Applied Physics},
  year = {2012},
  volume = {111},
  pages = {074702--074702},
  number = {7},
  file = {astrakas2012structural.pdf:astrakas2012structural.pdf:PDF},
  publisher = {AIP},
  timestamp = {2013.07.19}
}

@ARTICLE{baiesi2010nonequilibrium2,
  author = {Baiesi, M. and Boksenbojm, E. and Maes, C. and Wynants, B.},
  title = {Nonequilibrium linear response for Markov dynamics, II: Inertial
	dynamics},
  journal = {Journal of statistical physics},
  year = {2010},
  volume = {139},
  pages = {492--505},
  number = {3},
  file = {baiesi2010nonequilibrium2.pdf:baiesi2010nonequilibrium2.pdf:PDF},
  publisher = {Springer},
  timestamp = {2012.05.30}
}

@ARTICLE{baiesi2012update,
  author = {Baiesi, M. and Maes, C.},
  title = {An update on nonequilibrium linear response},
  journal = {Arxiv preprint arXiv:1205.4157},
  year = {2012},
  file = {baiesi2012update.pdf:baiesi2012update.pdf:PDF},
  timestamp = {2012.06.10}
}

@ARTICLE{baiesi2011modified,
  author = {Baiesi, M. and Maes, C. and Wynants, B.},
  title = {The modified Sutherland--Einstein relation for diffusive non-equilibria},
  journal = {Proceedings of the Royal Society A: Mathematical, Physical and Engineering
	Science},
  year = {2011},
  volume = {467},
  pages = {2792--2809},
  number = {2134},
  file = {baiesi2011modified.pdf:baiesi2011modified.pdf:PDF},
  publisher = {The Royal Society},
  timestamp = {2012.06.11}
}

@ARTICLE{baiesi2009fluctuations,
  author = {Baiesi, M. and Maes, C. and Wynants, B.},
  title = {Fluctuations and response of nonequilibrium states},
  journal = {Physical review letters},
  year = {2009},
  volume = {103},
  pages = {10602},
  number = {1},
  file = {baiesi2009fluctuations.pdf:baiesi2009fluctuations.pdf:PDF},
  publisher = {APS},
  timestamp = {2012.05.30}
}

@ARTICLE{baiesi2009nonequilibrium1,
  author = {Baiesi, M. and Maes, C. and Wynants, B.},
  title = {Nonequilibrium linear response for Markov dynamics, I: jump processes
	and overdamped diffusions},
  journal = {Journal of statistical physics},
  year = {2009},
  volume = {137},
  pages = {1094--1116},
  number = {5},
  file = {baiesi2009nonequilibrium1.pdf:baiesi2009nonequilibrium1.pdf:PDF},
  publisher = {Springer},
  timestamp = {2012.05.30}
}

@ARTICLE{benjamin2006theoretical,
  author = {Benjamin, I.},
  title = {Theoretical studies of solute vibrational energy relaxation at liquid
	interfaces},
  journal = {The Journal of Physical Chemistry B},
  year = {2006},
  volume = {110},
  pages = {9375--9382},
  number = {19},
  file = {benjamin2006theoretical.pdf:benjamin2006theoretical.pdf:PDF},
  publisher = {ACS Publications},
  timestamp = {2012.04.10}
}

@ARTICLE{berezhkovskii2011peptides,
  author = {Berezhkovskii, A.M. and Tofoleanu, F. and Buchete, N.V.},
  title = {Are Peptides Good Two-State Folders?},
  journal = {Journal of Chemical Theory and Computation},
  year = {2011},
  volume = {7},
  pages = {2370--2375},
  number = {8},
  file = {:berezhkovskii2011peptides.pdf:PDF},
  publisher = {ACS Publications},
  timestamp = {2012.10.24}
}

@ARTICLE{berkemeier2011fast,
  author = {Berkemeier, F. and Bertz, M. and Xiao, S. and Pinotsis, N. and Wilmanns,
	M. and Gr{\"a}ter, F. and Rief, M.},
  title = {Fast-folding $\alpha$-helices as reversible strain absorbers in the
	muscle protein myomesin},
  journal = {Proceedings of the National Academy of Sciences},
  year = {2011},
  volume = {108},
  pages = {14139--14144},
  number = {34},
  file = {berkemeier2011fast.pdf:berkemeier2011fast.pdf:PDF},
  publisher = {National Acad Sciences},
  timestamp = {2012.10.22}
}

@ARTICLE{berne2009dewetting,
  author = {Berne, B.J. and Weeks, J.D. and Zhou, R.},
  title = {Dewetting and hydrophobic interaction in physical and biological
	systems},
  journal = {Physical Chemistry},
  year = {2009},
  volume = {60},
  pages = {85},
  number = {1},
  file = {berne2009dewetting.pdf:berne2009dewetting.pdf:PDF},
  timestamp = {2012.04.24}
}

@ARTICLE{best2012atomistic,
  author = {Best, R.B.},
  title = {Atomistic molecular simulations of protein folding},
  journal = {Current Opinion in Structural Biology},
  year = {2012},
  volume = {22},
  pages = {52--61},
  __markedentry = {[wanghan:1]},
  file = {best2012atomistic.pdf:best2012atomistic.pdf:PDF},
  publisher = {Elsevier},
  timestamp = {2012.02.17}
}

@ARTICLE{best2008pulling,
  author = {Best, R.B. and Paci, E. and Hummer, G. and Dudko, O.K.},
  title = {Pulling direction as a reaction coordinate for the mechanical unfolding
	of single molecules},
  journal = {The Journal of Physical Chemistry B},
  year = {2008},
  volume = {112},
  pages = {5968--5976},
  number = {19},
  file = {best2008pulling.pdf:best2008pulling.pdf:PDF},
  publisher = {ACS Publications},
  timestamp = {2012.10.23}
}

@ARTICLE{bocquet1994hydrodynamic,
  author = {Bocquet, Lyd{\'e}ric and Barrat, Jean-Louis},
  title = {Hydrodynamic boundary conditions, correlation functions, and Kubo
	relations for confined fluids},
  journal = {Physical Review E},
  year = {1994},
  volume = {49},
  pages = {3079},
  number = {4},
  file = {bocquet1994hydrodynamic.pdf:bocquet1994hydrodynamic.pdf:PDF},
  publisher = {APS},
  timestamp = {2013.03.31}
}

@ARTICLE{bonthuis2011theory,
  author = {Bonthuis, D.J. and Rinne, K.F. and Falk, K. and Kaplan, C.N. and
	Horinek, D. and Berker, A.N. and Bocquet, L. and Netz, R.R.},
  title = {Theory and simulations of water flow through carbon nanotubes: prospects
	and pitfalls},
  journal = {Journal of Physics: Condensed Matter},
  year = {2011},
  volume = {23},
  pages = {184110},
  number = {18},
  file = {bonthuis2011theory.pdf:bonthuis2011theory.pdf:PDF},
  publisher = {IOP Publishing},
  timestamp = {2013.02.06}
}

@ARTICLE{bowman2012improved,
  author = {Bowman, G.R.},
  title = {Improved coarse-graining of Markov state models via explicit consideration
	of statistical uncertainty},
  journal = {The Journal of Chemical Physics},
  year = {2012},
  volume = {137},
  pages = {134111},
  file = {bowman2012improved.pdf:bowman2012improved.pdf:PDF},
  timestamp = {2012.10.24}
}

@ARTICLE{buchete2008coarse,
  author = {Buchete, N.V. and Hummer, G.},
  title = {Coarse master equations for peptide folding dynamics},
  journal = {The Journal of Physical Chemistry B},
  year = {2008},
  volume = {112},
  pages = {6057--6069},
  number = {19},
  file = {buchete2008coarse.pdf:buchete2008coarse.pdf:PDF},
  publisher = {ACS Publications},
  timestamp = {2012.10.24}
}

@ARTICLE{budi2007effect,
  author = {Budi, A. and Legge, F.S. and Treutlein, H. and Yarovsky, I.},
  title = {Effect of frequency on insulin response to electric field stress},
  journal = {The Journal of Physical Chemistry B},
  year = {2007},
  volume = {111},
  pages = {5748--5756},
  number = {20},
  file = {budi2007effect.pdf:budi2007effect.pdf:PDF},
  publisher = {ACS Publications},
  timestamp = {2013.01.10}
}

@ARTICLE{pronk2013gromacs,
  author = {Pronk, S. and P{\'a}ll, S. and Schulz, R. and Larsson, P. and Bjelkmar,
	P. and Apostolov, R. and Shirts, M.R. and Smith, J.C. and Kasson,
	P.M. and van der Spoel, D. and Hess B. Lindahl E.},
  title = {GROMACS 4.5: a high-throughput and highly parallel open source molecular
	simulation toolkit},
  journal = {Bioinformatics},
  year = {2013},
  pages = {1--10},
  file = {pronk2013gromacs.pdf:pronk2013gromacs.pdf:PDF},
  publisher = {Oxford Univ Press},
  timestamp = {2013.04.21}
}


@ARTICLE{budi2005electric,
  author = {Budi, A. and Legge, F.S. and Treutlein, H. and Yarovsky, I.},
  title = {Electric field effects on insulin chain-B conformation},
  journal = {The Journal of Physical Chemistry B},
  year = {2005},
  volume = {109},
  pages = {22641--22648},
  number = {47},
  file = {budi2005electric.pdf:budi2005electric.pdf:PDF},
  publisher = {ACS Publications},
  timestamp = {2013.01.10}
}

@ARTICLE{budi2008comparative,
  author = {Budi, Akin and Legge, F Sue and Treutlein, Herbert and Yarovsky,
	Irene},
  title = {Comparative study of insulin chain-B in isolated and monomeric environments
	under external stress},
  journal = {The Journal of Physical Chemistry B},
  year = {2008},
  volume = {112},
  pages = {7916--7924},
  number = {26},
  file = {budi2008comparative.pdf:budi2008comparative.pdf:PDF},
  publisher = {ACS Publications},
  timestamp = {2013.07.19}
}

@ARTICLE{bulo2009toward,
  author = {Bulo, R.E. and Ensing, B. and Sikkema, J. and Visscher, L.},
  title = {Toward a practical method for adaptive QM/MM simulations},
  journal = {Journal of Chemical Theory and Computation},
  year = {2009},
  volume = {5},
  pages = {2212--2221},
  number = {9},
  file = {bulo2009toward.pdf:bulo2009toward.pdf:PDF},
  publisher = {ACS Publications},
  timestamp = {2011.11.25}
}

@ARTICLE{calvo2008folding,
  author = {Calvo, F. and Dugourd, P.},
  title = {Folding of Gas-Phase Polyalanines in a Static Electric Field: Alignment,
	Deformations, and Polarization Effects},
  journal = {Biophysical journal},
  year = {2008},
  volume = {95},
  pages = {18},
  number = {1},
  file = {calvo2008folding.pdf:calvo2008folding.pdf:PDF},
  publisher = {The Biophysical Society},
  timestamp = {2013.01.10}
}

@ARTICLE{carrillo2012fast,
  author = {Carrillo, O. and Laughton, C.A. and Orozco, M.},
  title = {Fast Atomistic Molecular Dynamics Simulations from Essential Dynamics
	Samplings},
  journal = {Journal of Chemical Theory and Computation},
  year = {2012},
  file = {carrillo2012fast.pdf:carrillo2012fast.pdf:PDF},
  publisher = {ACS Publications},
  timestamp = {2012.02.23}
}

@ARTICLE{carter1989constrained,
  author = {Carter, EA and Ciccotti, G. and Hynes, J.T. and Kapral, R.},
  title = {Constrained reaction coordinate dynamics for the simulation of rare
	events},
  journal = {Chemical Physics Letters},
  year = {1989},
  volume = {156},
  pages = {472--477},
  number = {5},
  file = {carter1989constrained.pdf:carter1989constrained.pdf:PDF},
  publisher = {Elsevier},
  timestamp = {2012.10.02}
}

@ARTICLE{cetinkaya2011silk,
  author = {Cetinkaya, M. and Xiao, S. and Markert, B. and Stacklies, W. and
	Gr{\"a}ter, F.},
  title = {Silk Fiber Mechanics from Multiscale Force Distribution Analysis},
  journal = {Biophysical Journal},
  year = {2011},
  volume = {100},
  pages = {1298--1305},
  number = {5},
  file = {cetinkaya2011silk.pdf:cetinkaya2011silk.pdf:PDF},
  publisher = {Elsevier},
  timestamp = {2012.10.22}
}

@ARTICLE{chandler2005interfaces,
  author = {Chandler, D.},
  title = {Interfaces and the driving force of hydrophobic assembly},
  journal = {Nature},
  year = {2005},
  volume = {437},
  pages = {640--647},
  number = {7059},
  file = {chandler2005interfaces.pdf:chandler2005interfaces.pdf:PDF},
  publisher = {Nature Publishing Group},
  timestamp = {2012.04.24}
}

@ARTICLE{chang2009calculation,
  author = {Chang, J.},
  title = {The calculation of chemical potential of organic solutes in dense
	liquid phases by using expanded ensemble Monte Carlo simulations},
  journal = {The Journal of chemical physics},
  year = {2009},
  volume = {131},
  pages = {074103},
  file = {chang2009calculation.pdf:chang2009calculation.pdf:PDF},
  timestamp = {2012.09.24}
}

@ARTICLE{Chaudhuri2012modified,
  author = {Chaudhuri, D. and Chaudhuri, A.},
  title = {Modified fluctuation-dissipation and Einstein relation at nonequilibrium
	steady states},
  journal = {Phys. Rev. E},
  year = {2012},
  volume = {85},
  pages = {021102},
  file = {Chaudhuri2012modified.pdf:Chaudhuri2012modified.pdf:PDF},
  timestamp = {2012.05.30}
}

@ARTICLE{chen1996renormalization,
  author = {Chen, L.Y. and Goldenfeld, N. and Oono, Y.},
  title = {Renormalization group and singular perturbations: Multiple scales,
	boundary layers, and reductive perturbation theory},
  journal = {Physical Review E},
  year = {1996},
  volume = {54},
  pages = {376},
  number = {1},
  file = {chen1996renormalization.pdf:chen1996renormalization.pdf:PDF},
  publisher = {APS},
  timestamp = {2012.03.29}
}

@ARTICLE{chernyak2006path,
  author = {Chernyak, V.Y. and Chertkov, M. and Jarzynski, C.},
  title = {Path-integral analysis of fluctuation theorems for general Langevin
	processes},
  journal = {Journal of Statistical Mechanics: Theory and Experiment},
  year = {2006},
  volume = {2006},
  pages = {P08001},
  file = {chernyak2006path.pdf:chernyak2006path.pdf:PDF},
  publisher = {IOP Publishing},
  timestamp = {2012.06.12}
}

@ARTICLE{chetrite2009fluctuation,
  author = {Chetrite, R.},
  title = {Fluctuation relations for diffusion that is thermally driven by a
	nonstationary bath},
  journal = {Physical Review E},
  year = {2009},
  volume = {80},
  pages = {51107},
  number = {5},
  file = {chetrite2009fluctuation.pdf:chetrite2009fluctuation.pdf:PDF},
  timestamp = {2012.07.25}
}

@ARTICLE{chodera2007automatic,
  author = {Chodera, J.D. and Singhal, N. and Pande, V.S. and Dill, K.A. and
	Swope, W.C.},
  title = {Automatic discovery of metastable states for the construction of
	Markov models of macromolecular conformational dynamics},
  journal = {The Journal of chemical physics},
  year = {2007},
  volume = {126},
  pages = {155101},
  file = {chodera2007automatic.pdf:chodera2007automatic.pdf:PDF},
  timestamp = {2012.10.24}
}

@ARTICLE{chodera2011dynamical,
  author = {Chodera, J.D. and Swope, W.C. and No{\'e}, F. and Prinz, J.H. and
	Shirts, M.R. and Pande, V.S. and others},
  title = {Dynamical reweighting: Improved estimates of dynamical properties
	from simulations at multiple temperatures},
  journal = {The Journal of chemical physics},
  year = {2011},
  volume = {134},
  number = {24},
  file = {chodera2011dynamical.pdf:chodera2011dynamical.pdf:PDF},
  publisher = {American Institute of Physics},
  timestamp = {2012.10.25}
}

@ARTICLE{chorny2004molecular,
  author = {Chorny, I. and Benjamin, I.},
  title = {Molecular dynamics study of the vibrational relaxation of OCl and
	OCl< sup>-</sup> in the bulk and the surface of water and acetonitrile},
  journal = {Journal of molecular liquids},
  year = {2004},
  volume = {110},
  pages = {133--139},
  number = {1},
  file = {chorny2004molecular.pdf:chorny2004molecular.pdf:PDF},
  publisher = {Elsevier},
  timestamp = {2012.04.10}
}

@ARTICLE{ciccotti1975direct,
  author = {Ciccotti, G and Jacucci, G},
  title = {Direct computation of dynamical response by molecular dynamics: The
	mobility of a charged Lennard-Jones particle},
  journal = {Physical Review Letters},
  year = {1975},
  volume = {35},
  pages = {789},
  number = {12},
  file = {ciccotti1975direct.pdf:ciccotti1975direct.pdf:PDF},
  publisher = {APS},
  timestamp = {2013.07.23}
}

@ARTICLE{ciccotti1979thought,
  author = {Ciccotti, G. and Jacucci, G. and McDonald, I.R.},
  title = {"Thought-experiments" by molecular dynamics},
  journal = {Journal of Statistical Physics},
  year = {1979},
  volume = {21},
  pages = {1--22},
  number = {1},
  file = {ciccotti1979thought.pdf:ciccotti1979thought.pdf:PDF},
  publisher = {Springer},
  timestamp = {2013.07.23}
}

@ARTICLE{ciccotti2005blue,
  author = {Ciccotti, G. and Kapral, R. and Vanden-Eijnden, E.},
  title = {Blue moon sampling, vectorial reaction coordinates, and unbiased
	constrained dynamics},
  journal = {ChemPhysChem},
  year = {2005},
  volume = {6},
  pages = {1809--1814},
  number = {9},
  file = {ciccotti2005blue.pdf:ciccotti2005blue.pdf:PDF},
  publisher = {Wiley Online Library},
  timestamp = {2012.10.02}
}

@ARTICLE{clark2010structure,
  author = {Clark, G.N.I. and Cappa, C.D. and Smith, J.D. and Saykally, R.J.
	and Head-Gordon, T.},
  title = {The structure of ambient water},
  journal = {Molecular Physics},
  year = {2010},
  volume = {108},
  pages = {1415--1433},
  number = {11},
  file = {clark2010structure.pdf:clark2010structure.pdf:PDF},
  publisher = {Taylor \& Francis},
  timestamp = {2012.04.23}
}

@ARTICLE{clark2010small,
  author = {Clark, G.N.I. and Hura, G.L. and Teixeira, J. and Soper, A.K. and
	Head-Gordon, T.},
  title = {Small-angle scattering and the structure of ambient liquid water},
  journal = {Proceedings of the National Academy of Sciences},
  year = {2010},
  volume = {107},
  pages = {14003--14007},
  number = {32},
  file = {clark2010small.pdf:clark2010small.pdf:PDF},
  publisher = {National Acad Sciences},
  timestamp = {2012.04.23}
}

@ARTICLE{colangeli2011meaningful,
  author = {Colangeli, M. and Maes, C. and Wynants, B.},
  title = {A meaningful expansion around detailed balance},
  journal = {Journal of Physics A: Mathematical and Theoretical},
  year = {2011},
  volume = {44},
  pages = {095001},
  file = {colangeli2011meaningful.pdf:colangeli2011meaningful.pdf:PDF},
  publisher = {IOP Publishing},
  timestamp = {2012.06.10}
}

@ARTICLE{collin2005verification,
  author = {Collin, D. and Ritort, F. and Jarzynski, C. and Smith, SB and Tinoco,
	I. and Bustamante, C.},
  title = {Verification of the Crooks fluctuation theorem and recovery of RNA
	folding free energies},
  journal = {Nature},
  year = {2005},
  volume = {437},
  pages = {231--234},
  number = {7056},
  file = {collin2005verification.pdf:collin2005verification.pdf:PDF},
  publisher = {Nature Publishing Group},
  timestamp = {2012.07.31}
}

@ARTICLE{cooke2008preserving,
  author = {Cooke, B. and Schmidler, S.C.},
  title = {Preserving the Boltzmann ensemble in replica-exchange molecular dynamics},
  journal = {The Journal of chemical physics},
  year = {2008},
  volume = {129},
  pages = {164112},
  file = {cooke2008preserving.pdf:cooke2008preserving.pdf:PDF},
  timestamp = {2012.02.15}
}

@ARTICLE{crooks2000path,
  author = {Crooks, G.E.},
  title = {Path-ensemble averages in systems driven far from equilibrium},
  journal = {Physical Review E},
  year = {2000},
  volume = {61},
  pages = {2361},
  number = {3},
  file = {crooks2000path.pdf:crooks2000path.pdf:PDF},
  publisher = {APS},
  timestamp = {2012.07.26}
}

@ARTICLE{cugliandolo2011effective,
  author = {Cugliandolo, L.F.},
  title = {The effective temperature},
  journal = {Journal of Physics A: Mathematical and Theoretical},
  year = {2011},
  volume = {44},
  pages = {483001},
  file = {cugliandolo2011effective.pdf:cugliandolo2011effective.pdf:PDF},
  publisher = {IOP Publishing},
  timestamp = {2012.05.31}
}

@ARTICLE{daly2012massively,
  author = {Daly, K.B. and Benziger, J.B. and Debenedetti, P.G. and Panagiotopoulos,
	A.Z.},
  title = {Massively parallel chemical potential calculation on graphics processing
	units},
  journal = {Computer Physics Communications},
  year = {2012},
  volume = {183},
  pages = {2054--2062},
  file = {daly2012massively.pdf:daly2012massively.pdf:PDF},
  publisher = {Elsevier},
  timestamp = {2012.09.24}
}

@ARTICLE{damm2012can,
  author = {Damm, Markus and Nusshold, Christoph and Cantillo, David and Rechberger,
	Gerald N and Gruber, Karl and Sattler, Wolfgang and Kappe, C Oliver},
  title = {Can electromagnetic fields influence the structure and enzymatic
	digest of proteins? A critical evaluation of microwave-assisted proteomics
	protocols},
  journal = {Journal of proteomics},
  year = {2012},
  volume = {75},
  pages = {5533--5543},
  file = {damm2012can.pdf:damm2012can.pdf:PDF},
  publisher = {Elsevier},
  timestamp = {2013.07.19}
}

@ARTICLE{daura1998parametrization,
  author = {Daura, Xavier and Mark, Alan E and Van Gunsteren, Wilfred F},
  title = {Parametrization of aliphatic CHn united atoms of GROMOS96 force field},
  journal = {Journal of Computational Chemistry},
  year = {1998},
  volume = {19},
  pages = {535--547},
  number = {5},
  file = {daura1998parametrization.pdf:daura1998parametrization.pdf:PDF},
  publisher = {Wiley Online Library},
  timestamp = {2013.03.29}
}

@ARTICLE{davis2010revised,
  author = {Davis, J.E. and Patel, S.},
  title = {Revised charge equilibration parameters for more accurate hydration
	free energies of alkanes},
  journal = {Chemical physics letters},
  year = {2010},
  volume = {484},
  pages = {173--176},
  number = {4},
  file = {davis2010revised.pdf:davis2010revised.pdf:PDF},
  publisher = {Elsevier},
  timestamp = {2013.02.01}
}

@ARTICLE{delgado2009coupling,
  author = {Delgado-Buscalioni, R. and Kremer, K. and Praprotnik, M.},
  title = {Coupling atomistic and continuum hydrodynamics through a mesoscopic
	model: Application to liquid water},
  journal = {The Journal of Chemical Physics},
  year = {2009},
  volume = {131},
  pages = {244107},
  file = {delgado2009coupling.pdf:delgado2009coupling.pdf:PDF},
  timestamp = {2011.09.20}
}

@ARTICLE{dellesite2011multiscale,
  author = {Delle Site, L. and Holm, C. and van der Vegt, N.},
  title = {Multiscale Approaches and Perspectives to Modeling Aqueous Electrolytes
	and Polyelectrolytes},
  journal = {Topics in Current Chemistry},
  year = {2012},
  volume = {307},
  pages = {251--294},
  file = {dellesite2011multiscale.pdf:dellesite2011multiscale.pdf:PDF},
  publisher = {Springer},
  timestamp = {2012.02.16}
}

@ARTICLE{denesyuk2009equilibrium,
  author = {Denesyuk, N.A. and Weeks, J.D.},
  title = {Equilibrium and nonequilibrium effects in the collapse of a model
	polypeptide},
  journal = {Physical review letters},
  year = {2009},
  volume = {102},
  pages = {108101},
  number = {10},
  file = {denesyuk2009equilibrium.pdf:denesyuk2009equilibrium.pdf:PDF},
  publisher = {APS},
  timestamp = {2012.07.25}
}

@ARTICLE{denschlag2010relaxation,
  author = {Denschlag, R. and Schreier, W.J. and Rieff, B. and Schrader, T.E.
	and Koller, F.O. and Moroder, L. and Zinth, W. and Tavan, P.},
  title = {Relaxation time prediction for a light switchable peptide by molecular
	dynamics},
  journal = {Phys. Chem. Chem. Phys.},
  year = {2010},
  volume = {12},
  pages = {6204--6218},
  number = {23},
  file = {denschlag2010relaxation.pdf:denschlag2010relaxation.pdf:PDF},
  publisher = {The Royal Society of Chemistry},
  timestamp = {2013.01.10}
}

@INPROCEEDINGS{djurdjevac2010markov,
  author = {Djurdjevac, N. and Sarich, M. and Sch{\\"u}tte, C.},
  title = {On Markov state models for metastable processes},
  booktitle = {PROCEEDINGS OF THE INTERNATIONAL CONGRESS OF MATHEMATICIANS},
  year = {2010},
  volume = {901},
  number = {2010},
  pages = {3105--3131},
  file = {djurdjevac2010markov.pdf:djurdjevac2010markov.pdf:PDF},
  timestamp = {2011.08.24}
}

@ARTICLE{docherty2006potential,
  author = {Docherty, H. and Galindo, A. and Vega, C. and Sanz, E.},
  title = {A potential model for methane in water describing correctly the solubility
	of the gas and the properties of the methane hydrate},
  journal = {The Journal of chemical physics},
  year = {2006},
  volume = {125},
  pages = {074510},
  file = {docherty2006potential.pdf:docherty2006potential.pdf:PDF},
  timestamp = {2013.01.21}
}

@ARTICLE{dyer2008importance,
  author = {Dyer, P.J. and Docherty, H. and Cummings, P.T.},
  title = {The importance of polarizability in the modeling of solubility: Quantifying
	the effect of solute polarizability on the solubility of small nonpolar
	solutes in popular models of water},
  journal = {The Journal of chemical physics},
  year = {2008},
  volume = {129},
  pages = {024508},
  file = {dyer2008importance.pdf:dyer2008importance.pdf:PDF},
  timestamp = {2013.01.21}
}

@ARTICLE{eberard2007extension,
  author = {Eberard, D. and Maschke, BM and van der Schaft, AJ},
  title = {An extension of Hamiltonian systems to the thermodynamic phase space:
	Towards a geometry of nonreversible processes},
  journal = {Reports on Mathematical Physics},
  year = {2007},
  volume = {60},
  pages = {175--198},
  number = {2},
  file = {eberard2007extension.pdf:eberard2007extension.pdf:PDF},
  publisher = {Elsevier},
  timestamp = {2012.12.11}
}

@ARTICLE{english2003hydrogen,
  author = {English, N.J. and MacElroy, JMD},
  title = {Hydrogen bonding and molecular mobility in liquid water in external
	electromagnetic fields},
  journal = {The Journal of chemical physics},
  year = {2003},
  volume = {119},
  pages = {11806},
  file = {english2003hydrogen.pdf:english2003hydrogen.pdf:PDF},
  timestamp = {2013.01.10}
}

@ARTICLE{english2003molecular,
  author = {English, N.J. and MacElroy, JMD},
  title = {Molecular dynamics simulations of microwave heating of water},
  journal = {The Journal of chemical physics},
  year = {2003},
  volume = {118},
  pages = {1589--1592},
  number = {4},
  file = {english2003molecular.pdf:english2003molecular.pdf:PDF},
  publisher = {American Institute of Physics},
  timestamp = {2013.01.10}
}

@ARTICLE{english2007denaturation,
  author = {English, N.J. and Mooney, D.A.},
  title = {Denaturation of hen egg white lysozyme in electromagnetic fields:
	A molecular dynamics study},
  journal = {The Journal of chemical physics},
  year = {2007},
  volume = {126},
  pages = {091105},
  file = {english2007denaturation.pdf:english2007denaturation.pdf:PDF},
  timestamp = {2013.01.10}
}

@ARTICLE{english2009nonequilibrium,
  author = {English, N.J. and Solomentsev, G.Y. and O'Brien, P.},
  title = {Nonequilibrium molecular dynamics study of electric and low-frequency
	microwave fields on hen egg white lysozyme},
  journal = {The Journal of chemical physics},
  year = {2009},
  volume = {131},
  pages = {035106},
  file = {english2009nonequilibrium.pdf:english2009nonequilibrium.pdf:PDF},
  timestamp = {2013.01.10}
}

@ARTICLE{ensing2007energy,
  author = {Ensing, B. and Nielsen, S.O. and Moore, P.B. and Klein, M.L. and
	Parrinello, M.},
  title = {Energy conservation in adaptive hybrid atomistic/coarse-grain molecular
	dynamics},
  journal = {Journal of Chemical Theory and Computation},
  year = {2007},
  volume = {3},
  pages = {1100--1105},
  number = {3},
  file = {ensing2007energy.pdf:ensing2007energy.pdf:PDF},
  publisher = {ACS Publications},
  timestamp = {2012.02.16}
}

@ARTICLE{eslami2007molecular,
  author = {Eslami, H. and M{\"u}ller-Plathe, F.},
  title = {Molecular dynamics simulation in the grand canonical ensemble},
  journal = {Journal of Computational Chemistry},
  year = {2007},
  volume = {28},
  pages = {1763--1773},
  number = {10},
  file = {eslami2007molecular.pdf:eslami2007molecular.pdf:PDF},
  publisher = {Wiley Online Library},
  timestamp = {2012.08.17}
}

@ARTICLE{evans2009dissipation,
  author = {Evans, D.J. and Searles, D.J. and Williams, S.R.},
  title = {Dissipation and the relaxation to equilibrium},
  journal = {Journal of Statistical Mechanics: Theory and Experiment},
  year = {2009},
  volume = {2009},
  pages = {P07029},
  file = {evans2009dissipation.pdf:evans2009dissipation.pdf:PDF},
  publisher = {IOP Publishing},
  timestamp = {2012.06.08}
}

@ARTICLE{evans2008fluctuation,
  author = {Evans, D.J. and Searles, D.J. and Williams, S.R.},
  title = {On the fluctuation theorem for the dissipation function and its connection
	with response theory},
  journal = {The Journal of chemical physics},
  year = {2008},
  volume = {128},
  pages = {014504},
  file = {evans2008fluctuation.pdf:evans2008fluctuation.pdf:PDF},
  timestamp = {2012.06.05}
}

@ARTICLE{evans2012mathematical,
  author = {Evans, D. and Williams, S. and Rondoni, L.},
  title = {A mathematical proof of the zeroth "law" of thermodynamics and the
	
	nonlinear Fourier "law" for heat flow},
  journal = {J. Chem. Phys.},
  year = {2012},
  volume = {137},
  pages = {194109},
  file = {evans2012mathematical.pdf:evans2012mathematical.pdf:PDF},
  timestamp = {2012.11.22}
}

@ARTICLE{evans2011entropy,
  author = {Evans, D.J. and Williams, S.R. and Searles, D.J.},
  title = {On the entropy of relaxing deterministic systems},
  journal = {THE JOURNAL OF CHEMICAL PHYSICS},
  year = {2011},
  volume = {135},
  pages = {194107},
  file = {evans2011entropy.pdf:evans2011entropy.pdf:PDF},
  timestamp = {2011.11.25}
}

@ARTICLE{ferguson2011integrating,
  author = {Ferguson, A.L. and Panagiotopoulos, A.Z. and Debenedetti, P.G. and
	Kevrekidis, I.G.},
  title = {Integrating diffusion maps with umbrella sampling: Application to
	alanine dipeptide},
  journal = {The Journal of chemical physics},
  year = {2011},
  volume = {134},
  pages = {135103},
  file = {ferguson2011integrating.pdf:ferguson2011integrating.pdf:PDF},
  timestamp = {2012.10.24}
}

@ARTICLE{fisher1964free,
  author = {Fisher, M.E.},
  title = {The free energy of a macroscopic system},
  journal = {Archive for Rational Mechanics and Analysis},
  year = {1964},
  volume = {17},
  pages = {377--410},
  number = {5},
  file = {fisher1964free.pdf:fisher1964free.pdf:PDF},
  publisher = {Springer},
  timestamp = {2012.05.25}
}

@ARTICLE{fixman1974classical,
  author = {Fixman, M.},
  title = {Classical statistical mechanics of constraints: a theorem and application
	to polymers},
  journal = {Proceedings of the National Academy of Sciences},
  year = {1974},
  volume = {71},
  pages = {3050--3053},
  number = {8},
  file = {fixman1974classical.pdf:fixman1974classical.pdf:PDF},
  publisher = {National Acad Sciences},
  timestamp = {2012.10.02}
}

@BOOK{fleming1992stochastic,
  title = {Stochastic control and large deviations},
  publisher = {Springer},
  year = {1992},
  author = {Fleming, Wendell H},
  file = {fleming1992stochastic.pdf:fleming1992stochastic.pdf:PDF},
  timestamp = {2013.05.19}
}

@ARTICLE{fritsch2012adaptive,
  author = {Fritsch, S. and Poblete, S. and Junghans, C. and Ciccotti, G. and
	Delle Site, L. and Kremer, K.},
  title = {Adaptive resolution molecular dynamics simulation through coupling
	to an internal particle reservoir},
  journal = {Physical Review Letters},
  year = {2012},
  volume = {108},
  pages = {170602},
  doi = {10.1103/PhysRevLett.108.170602},
  file = {fritsch2012adaptive.pdf:fritsch2012adaptive.pdf:PDF},
  issue = {17},
  numpages = {5},
  publisher = {American Physical Society},
  timestamp = {2012.05.14},
  url = {http://link.aps.org/doi/10.1103/PhysRevLett.108.170602}
}

@ARTICLE{froyland2012analytic,
  author = {Froyland, G},
  title = {An analytic framework for identifying finite-time coherent sets in
	time-dependent dynamical systems},
  year = {2012},
  file = {froyland2012analytic.pdf:froyland2012analytic.pdf:PDF},
  timestamp = {2012.11.06}
}

@ARTICLE{froyland2010coherent,
  author = {Froyland, G. and Lloyd, S. and Santitissadeekorn, N.},
  title = {Coherent sets for nonautonomous dynamical systems},
  journal = {Physica D: Nonlinear Phenomena},
  year = {2010},
  volume = {239},
  pages = {1527--1541},
  number = {16},
  file = {froyland2010coherent.pdf:froyland2010coherent.pdf:PDF},
  publisher = {Elsevier},
  timestamp = {2012.11.06}
}

@ARTICLE{froyland2011closing,
  author = {Froyland, G. and Pollett, P.K. and Stuart, R.},
  title = {A closing scheme for finding almost-invariant sets in open dynamical
	systems},
  year = {2011},
  file = {froyland2011closing.pdf:froyland2011closing.pdf:PDF},
  timestamp = {2012.11.06}
}

@ARTICLE{froyland2010transport,
  author = {Froyland, G. and Santitissadeekorn, N. and Monahan, A.},
  title = {Transport in time-dependent dynamical systems: Finite-time coherent
	sets},
  journal = {Chaos: An Interdisciplinary Journal of Nonlinear Science},
  year = {2010},
  volume = {20},
  pages = {043116--043116},
  number = {4},
  file = {froyland2010transport.pdf:froyland2010transport.pdf:PDF},
  publisher = {American Institute of Physics},
  timestamp = {2012.11.06}
}

@ARTICLE{gallavotti1995dynamical,
  author = {Gallavotti, G. and Cohen, EGD},
  title = {Dynamical ensembles in nonequilibrium statistical mechanics},
  journal = {Physical Review Letters},
  year = {1995},
  volume = {74},
  pages = {2694--2697},
  number = {14},
  file = {gallavotti1995dynamical.pdf:gallavotti1995dynamical.pdf:PDF},
  publisher = {APS},
  timestamp = {2012.06.08}
}

@ARTICLE{gallavotti1995dynamical1,
  author = {Gallavotti, G. and Cohen, E.G.D.},
  title = {Dynamical ensembles in stationary states},
  journal = {Journal of Statistical Physics},
  year = {1995},
  volume = {80},
  pages = {931--970},
  number = {5},
  file = {gallavotti1995dynamical1.pdf:gallavotti1995dynamical1.pdf:PDF},
  publisher = {Springer},
  timestamp = {2012.06.08}
}

@ARTICLE{ganguly2012kirkwood,
  author = {Ganguly, P. and Mukherji, D. and Junghans, C. and van der Vegt, N.F.A.},
  title = {Kirkwood--Buff Coarse-Grained Force Fields for Aqueous Solutions},
  journal = {Journal of Chemical Theory and Computation},
  year = {2012},
  volume = {8},
  pages = {1802--1807},
  number = {5},
  file = {ganguly2012kirkwood.pdf:ganguly2012kirkwood.pdf:PDF},
  publisher = {ACS Publications},
  timestamp = {2012.07.24}
}

@ARTICLE{ganguly2013convergence,
  author = {Ganguly, P. and van der Vegt, N.F.A.},
  title = {Convergence of sampling Kirkwood-Buff integrals of aqueous solutions
	with molecular dynamics simulations},
  journal = {Journal of Chemical Theory and Computation},
  year = {2013},
  file = {ganguly2013convergence.pdf:ganguly2013convergence.pdf:PDF},
  publisher = {ACS Publications},
  timestamp = {2013.03.01}
}

@ARTICLE{ge2012markov,
  author = {Ge, H. and Pres, S. and Ghosh, K. and Dill, K.},
  title = {Markov processes follow from the principle of Maximum Caliber},
  journal = {Arxiv preprint arXiv:1106.4212},
  year = {2012},
  file = {ge2012markov.pdf:ge2012markov.pdf:PDF},
  timestamp = {2012.02.23}
}

@ARTICLE{geerke2006force,
  author = {Geerke, Daan P and van Gunsteren, Wilfred F},
  title = {Force field evaluation for biomolecular simulation: free enthalpies
	of solvation of polar and apolar compounds in various solvents},
  journal = {ChemPhysChem},
  year = {2006},
  volume = {7},
  pages = {671--678},
  number = {3},
  file = {geerke2006force.pdf:geerke2006force.pdf:PDF},
  publisher = {Wiley Online Library},
  timestamp = {2013.04.30}
}

@ARTICLE{ghiringhelli2008competing,
  author = {Ghiringhelli, L.M. and Hess, B. and Van Der Vegt, N.F.A. and Delle
	Site, L.},
  title = {Competing adsorption between hydrated peptides and water onto metal
	surfaces: from electronic to conformational properties},
  journal = {Journal of the American Chemical Society},
  year = {2008},
  volume = {130},
  pages = {13460--13464},
  number = {40},
  file = {ghiringhelli2008competing.pdf:ghiringhelli2008competing.pdf:PDF},
  publisher = {ACS Publications},
  timestamp = {2012.10.24}
}

@ARTICLE{givon2004extracting,
  author = {Givon, D. and Kupferman, R. and Stuart, A.},
  title = {Extracting macroscopic dynamics: model problems and algorithms},
  journal = {Nonlinearity},
  year = {2004},
  volume = {17},
  pages = {R55},
  number = {6},
  file = {givon2004extracting.pdf:givon2004extracting.pdf:PDF},
  publisher = {IOP Publishing},
  timestamp = {2012.10.21}
}

@ARTICLE{gnanakaran2005helix,
  author = {Gnanakaran, S. and Garc{\'\i}a, A.E.},
  title = {Helix-coil transition of alanine peptides in water: Force field dependence
	on the folded and unfolded structures},
  journal = {Proteins: Structure, Function, and Bioinformatics},
  year = {2005},
  volume = {59},
  pages = {773--782},
  number = {4},
  file = {gnanakaran2005helix.pdf:gnanakaran2005helix.pdf:PDF},
  publisher = {Wiley Online Library},
  timestamp = {2013.01.10}
}

@INPROCEEDINGS{gomez2011finite,
  author = {Gomez-Solano, J.R. and Petrosyan, A. and Ciliberto, S.},
  title = {Finite sampling effects on generalized fluctuation-dissipation relations
	for steady states},
  booktitle = {Journal of Physics: Conference Series},
  year = {2011},
  volume = {297},
  pages = {012006},
  organization = {IOP Publishing},
  file = {gomez2011finite.pdf:gomez2011finite.pdf:PDF},
  timestamp = {2012.06.10}
}

@ARTICLE{gomez2011fluctuations,
  author = {Gomez-Solano, J.R. and Petrosyan, A. and Ciliberto, S. and Maes,
	C.},
  title = {Fluctuations and response in a non-equilibrium micron-sized system},
  journal = {Journal of Statistical Mechanics: Theory and Experiment},
  year = {2011},
  volume = {2011},
  pages = {P01008},
  file = {gomez2011fluctuations.pdf:gomez2011fluctuations.pdf:PDF},
  publisher = {IOP Publishing},
  timestamp = {2012.06.10}
}

@ARTICLE{grmela1997dynamics,
  author = {Grmela, M. and {\"O}ttinger, H.C.},
  title = {Dynamics and thermodynamics of complex fluids. I. Development of
	a general formalism},
  journal = {Physical Review E},
  year = {1997},
  volume = {56},
  pages = {6620},
  number = {6},
  file = {grmela1997dynamics.pdf:grmela1997dynamics.pdf:PDF},
  publisher = {APS},
  timestamp = {2012.09.11}
}

@ARTICLE{grossman2004quantum,
  author = {Grossman, J.C. and Schwegler, E. and Galli, G.},
  title = {Quantum and classical molecular dynamics simulations of hydrophobic
	hydration structure around small solutes},
  journal = {The Journal of Physical Chemistry B},
  year = {2004},
  volume = {108},
  pages = {15865--15872},
  number = {40},
  file = {grossman2004quantum.pdf:grossman2004quantum.pdf:PDF},
  publisher = {ACS Publications},
  timestamp = {2012.04.27}
}

@ARTICLE{guo2011using,
  author = {Guo, G.J. and Zhang, Y.G. and Liu, C.J. and Li, K.H.},
  title = {Using the face-saturated incomplete cage analysis to quantify the
	cage compositions and cage linking structures of amorphous phase
	hydrates},
  journal = {Phys. Chem. Chem. Phys.},
  year = {2011},
  volume = {13},
  pages = {12048--12057},
  number = {25},
  file = {guo2011using.pdf:guo2011using.pdf:PDF},
  publisher = {The Royal Society of Chemistry},
  timestamp = {2012.04.27}
}

@ARTICLE{guo2004lifetimes,
  author = {Guo, G.J. and Zhang, Y.G. and Zhao, Y.J. and Refson, K. and Shan,
	G.H.},
  title = {Lifetimes of cagelike water clusters immersed in bulk liquid water:
	A molecular dynamics study on gas hydrate nucleation mechanisms},
  journal = {The Journal of chemical physics},
  year = {2004},
  volume = {121},
  pages = {1542},
  file = {guo2004lifetimes.pdf:guo2004lifetimes.pdf:PDF},
  timestamp = {2012.04.27}
}

@ARTICLE{gutt2000structure,
  author = {Gutt, C. and Asmussen, B. and Press, W. and Johnson, MR and Handa,
	YP and Tse, JS},
  title = {The structure of deuterated methane--hydrate},
  journal = {The journal of chemical physics},
  year = {2000},
  volume = {113},
  pages = {4713},
  file = {gutt2000structure.pdf:gutt2000structure.pdf:PDF},
  timestamp = {2012.04.23}
}

@ARTICLE{guttenberg2013minimizing,
  author = {Guttenberg, Nicholas and Dama, James F and Saunders, Marissa G and
	Voth, Gregory A and Weare, Jonathan and Dinner, Aaron R},
  title = {Minimizing memory as an objective for coarse-graining},
  journal = {The Journal of Chemical Physics},
  year = {2013},
  volume = {138},
  pages = {094111},
  file = {guttenberg2013minimizing.pdf:guttenberg2013minimizing.pdf:PDF},
  timestamp = {2013.03.26}
}

@ARTICLE{hanggi1982stochastic,
  author = {H{\"a}nggi, P. and Thomas, H.},
  title = {Stochastic processes: time evolution, symmetries and linear response},
  journal = {Physics Reports},
  year = {1982},
  volume = {88},
  pages = {207--319},
  file = {hanggi1982stochastic.pdf:hanggi1982stochastic.pdf:PDF},
  timestamp = {2012.05.31}
}

@ARTICLE{harano2013morphometric,
  author = {Harano, Y. and Roth, R. and Chiba, S.},
  title = {A Morphometric Approach for the Accurate Solvation Thermodynamics
	of Proteins and Ligands},
  journal = {Journal of computational chemistry},
  year = {2013},
  file = {harano2013morphometric.pdf:harano2013morphometric.pdf:PDF},
  timestamp = {2013.06.20}
}

@ARTICLE{hartmann2011two,
  author = {Hartmann, C. and Latorre, J.C. and Ciccotti, G.},
  title = {On two possible definitions of the free energy for collective variables},
  journal = {The European Physical Journal-Special Topics},
  year = {2011},
  volume = {200},
  pages = {73--89},
  number = {1},
  file = {hartmann2011two.pdf:hartmann2011two.pdf:PDF},
  publisher = {Springer},
  timestamp = {2012.05.30}
}

@ARTICLE{hartmann2012efficient,
  author = {Hartmann, Carsten and Sch{\"u}tte, Christof},
  title = {Efficient rare event simulation by optimal nonequilibrium forcing},
  journal = {Journal of Statistical Mechanics: Theory and Experiment},
  year = {2012},
  volume = {2012},
  pages = {P11004},
  number = {11},
  file = {hartmann2012efficient.pdf:hartmann2012efficient.pdf:PDF},
  publisher = {IOP Publishing},
  timestamp = {2013.03.28}
}

@ARTICLE{hartmann2010communications,
  author = {Hartmann, C. and Sch{\"u}tte, C. and Ciccotti, G.},
  title = {Communications: On the linear response of mechanical systems with
	constraints},
  journal = {The Journal of chemical physics},
  year = {2010},
  volume = {132},
  pages = {111103},
  file = {hartmann2010communications.pdf:hartmann2010communications.pdf:PDF},
  timestamp = {2011.10.28}
}

@ARTICLE{head1995water,
  author = {Head-Gordon, T.},
  title = {Is water structure around hydrophobic groups clathrate-like?},
  journal = {Proceedings of the National Academy of Sciences},
  year = {1995},
  volume = {92},
  pages = {8308},
  number = {18},
  file = {head1995water.pdf:head1995water.pdf:PDF},
  publisher = {National Acad Sciences},
  timestamp = {2012.04.23}
}

@ARTICLE{head2006tetrahedral,
  author = {Head-Gordon, T. and Johnson, M.E.},
  title = {Tetrahedral structure or chains for liquid water},
  journal = {Proceedings of the National Academy of Sciences},
  year = {2006},
  volume = {103},
  pages = {7973--7977},
  number = {21},
  file = {head2006tetrahedral.pdf:head2006tetrahedral.pdf:PDF},
  publisher = {National Acad Sciences},
  timestamp = {2012.04.24}
}

@ARTICLE{hermans1988excess,
  author = {Hermans, Jan and Pathiaseril, Ahammadunny and Anderson, Amil},
  title = {Excess free energy of liquids from molecular dynamics simulations.
	Application to water models},
  journal = {Journal of the American Chemical Society},
  year = {1988},
  volume = {110},
  pages = {5982--5986},
  number = {18},
  file = {hermans1988excess.pdf:hermans1988excess.pdf:PDF},
  publisher = {ACS Publications},
  timestamp = {2013.05.03}
}

@ARTICLE{heyden2008conservative,
  author = {Heyden, A. and Truhlar, D.G.},
  title = {Conservative algorithm for an adaptive change of resolution in mixed
	atomistic/coarse-grained multiscale simulations},
  journal = {Journal of Chemical Theory and Computation},
  year = {2008},
  volume = {4},
  pages = {217--221},
  number = {2},
  file = {heyden2008conservative.pdf:heyden2008conservative.pdf:PDF},
  publisher = {ACS Publications},
  timestamp = {2012.06.14}
}

@ARTICLE{hijon2009mori,
  author = {Hij{\'o}n, C. and Espa{\~n}ol, P. and Vanden-Eijnden, E. and Delgado-Buscalioni,
	R.},
  title = {Mori--Zwanzig formalism as a practical computational tool},
  journal = {Faraday Discuss.},
  year = {2009},
  volume = {144},
  pages = {301--322},
  number = {0},
  file = {hijon2009mori.pdf:hijon2009mori.pdf:PDF},
  publisher = {The Royal Society of Chemistry},
  timestamp = {2012.08.24}
}

@ARTICLE{horinek2009rational,
  author = {Horinek, Dominik and Mamatkulov, Shavkat I and Netz, Roland R},
  title = {Rational design of ion force fields based on thermodynamic solvation
	properties},
  journal = {The Journal of chemical physics},
  year = {2009},
  volume = {130},
  pages = {124507},
  file = {horinek2009rational.pdf:horinek2009rational.pdf:PDF},
  timestamp = {2013.03.15}
}

@ARTICLE{hotta2005fluctuating,
  author = {Hotta, T. and Kimura, A. and Sasai, M.},
  title = {Fluctuating hydration structure around nanometer-size hydrophobic
	solutes. I. Caging and drying around C60 and C60H60 spheres},
  journal = {The Journal of Physical Chemistry B},
  year = {2005},
  volume = {109},
  pages = {18600--18608},
  number = {39},
  file = {hotta2005fluctuating.pdf:hotta2005fluctuating.pdf:PDF},
  publisher = {ACS Publications},
  timestamp = {2012.05.02}
}

@ARTICLE{huang2009inhomogeneous,
  author = {Huang, C. and Wikfeldt, KT and Tokushima, T. and Nordlund, D. and
	Harada, Y. and Bergmann, U. and Niebuhr, M. and Weiss, TM and Horikawa,
	Y. and Leetmaa, M. and others},
  title = {The inhomogeneous structure of water at ambient conditions},
  journal = {Proceedings of the National Academy of Sciences},
  year = {2009},
  volume = {106},
  pages = {15214--15218},
  number = {36},
  file = {huang2009inhomogeneous.pdf:huang2009inhomogeneous.pdf:PDF},
  publisher = {National Acad Sciences},
  timestamp = {2012.04.23}
}

@ARTICLE{hummer1998hydrophobic,
  author = {Hummer, G. and Garde, S. and Garcia, AE and Paulaitis, M.E. and Pratt,
	L.R.},
  title = {Hydrophobic effects on a molecular scale},
  journal = {The Journal of Physical Chemistry B},
  year = {1998},
  volume = {102},
  pages = {10469--10482},
  number = {51},
  file = {hummer1998hydrophobic.pdf:hummer1998hydrophobic.pdf:PDF},
  publisher = {ACS Publications},
  timestamp = {2012.04.27}
}

@ARTICLE{imparato2007work,
  author = {Imparato, A. and Peliti, L. and Pesce, G. and Rusciano, G. and Sasso,
	A.},
  title = {Work and heat probability distribution of an optically driven Brownian
	particle: Theory and experiments},
  journal = {Physical Review E},
  year = {2007},
  volume = {76},
  pages = {050101},
  number = {5},
  file = {imparato2007work.pdf:imparato2007work.pdf:PDF},
  publisher = {APS},
  timestamp = {2012.07.31}
}

@ARTICLE{izvekov2013microscopic,
  author = {Izvekov, S.},
  title = {Microscopic derivation of particle-based coarse-grained dynamics},
  journal = {The Journal of Chemical Physics},
  year = {2013},
  volume = {138},
  pages = {134106},
  file = {izvekov2013microscopic.pdf:izvekov2013microscopic.pdf:PDF},
  timestamp = {2013.04.08}
}

@ARTICLE{jarzynski1997nonequilibrium,
  author = {Jarzynski, C.},
  title = {Nonequilibrium equality for free energy differences},
  journal = {Physical Review Letters},
  year = {1997},
  volume = {78},
  pages = {2690},
  number = {14},
  file = {jarzynski1997nonequilibrium.pdf:jarzynski1997nonequilibrium.pdf:PDF},
  publisher = {APS},
  timestamp = {2012.05.30}
}

@ARTICLE{jensen2010calculation,
  author = {Jensen, L. and Thomsen, K. and von Solms, N. and Wierzchowski, S.
	and Walsh, M.R. and Koh, C.A. and Sloan, E.D. and Wu, D.T. and Sum,
	A.K.},
  title = {Calculation of Liquid Water- Hydrate- Methane Vapor Phase Equilibria
	from Molecular Simulations},
  journal = {The Journal of Physical Chemistry B},
  year = {2010},
  volume = {114},
  pages = {5775--5782},
  number = {17},
  file = {jensen2010calculation.pdf:jensen2010calculation.pdf:PDF},
  publisher = {ACS Publications},
  timestamp = {2013.02.01}
}

@ARTICLE{ji1992dynamic,
  author = {Ji, Jie and {\c{C}}a{\u{g}}in, Tahir and Pettitt, B Montgomery},
  title = {Dynamic simulations of water at constant chemical potential},
  journal = {Journal of Chemical Physics},
  year = {1992},
  volume = {96},
  pages = {1333--1342},
  number = {2},
  file = {ji1992dynamic.pdf:ji1992dynamic.pdf:PDF},
  publisher = {American Institute of Physics},
  timestamp = {2013.05.03}
}

@ARTICLE{johari2013effects,
  author = {Johari, GP},
  title = {Effects of electric field on the entropy, viscosity, relaxation time,
	and glass-formation},
  journal = {The Journal of Chemical Physics},
  year = {2013},
  volume = {138},
  pages = {154503},
  file = {johari2013effects.pdf:johari2013effects.pdf:PDF},
  timestamp = {2013.04.19}
}

@ARTICLE{jones2011adaptive,
  author = {Jones, A. and Leimkuhler, B.},
  title = {Adaptive stochastic methods for sampling driven molecular systems},
  journal = {The Journal of chemical physics},
  year = {2011},
  volume = {135},
  pages = {084125},
  file = {jones2011adaptive.pdf:jones2011adaptive.pdf:PDF},
  timestamp = {2012.08.13}
}

@ARTICLE{jorgensen1989free,
  author = {Jorgensen, William L and Blake, James F and Buckner, J Kathleen},
  title = {Free energy of TIP4P water and the free energies of hydration of
	CH< sub> 4</sub> and Cl< sup>-</sup> from statistical perturbation
	theory},
  journal = {Chemical physics},
  year = {1989},
  volume = {129},
  pages = {193--200},
  number = {2},
  file = {jorgensen1989free.pdf:jorgensen1989free.pdf:PDF},
  publisher = {Elsevier},
  timestamp = {2013.05.03}
}

@ARTICLE{junghans2010reference,
  author = {Junghans, C. and Poblete, S.},
  title = {A reference implementation of the adaptive resolution scheme in ESPResSo},
  journal = {Computer Physics Communications},
  year = {2010},
  volume = {181},
  pages = {1449--1454},
  number = {8},
  file = {junghans2010reference.pdf:junghans2010reference.pdf:PDF},
  publisher = {Elsevier},
  timestamp = {2011.09.22}
}

@ARTICLE{kaminski2009polarizable,
  author = {Kaminski, G.A. and Ponomarev, S.Y. and Liu, A.B.},
  title = {Polarizable Simulations with Second order Interaction Model--force
	field and software for fast polarizable calculations: Parameters
	for small model systems and free energy calculations},
  journal = {Journal of chemical theory and computation},
  year = {2009},
  volume = {5},
  pages = {2935},
  number = {11},
  file = {kaminski2009polarizable.pdf:kaminski2009polarizable.pdf:PDF},
  publisher = {NIH Public Access},
  timestamp = {2013.02.01}
}

@ARTICLE{kannam2013fast,
  author = {Kannam, Sridhar Kumar and Todd, BD and Hansen, JS and Daivis, Peter
	J},
  title = {How fast does water flow in carbon nanotubes?},
  journal = {The Journal of Chemical Physics},
  year = {2013},
  volume = {138},
  pages = {094701},
  file = {kannam2013fast.pdf:kannam2013fast.pdf:PDF},
  timestamp = {2013.03.12}
}

@ARTICLE{katok2007fifty,
  author = {Katok, A.},
  title = {Fifty years of entropy in dynamics: 1958-2007},
  journal = {J. Mod. Dyn},
  year = {2007},
  volume = {1},
  pages = {545--596},
  number = {4},
  file = {katok2007fifty.pdf:katok2007fifty.pdf:PDF},
  publisher = {Citeseer},
  timestamp = {2012.11.06}
}

@ARTICLE{keten2010nanostructure,
  author = {Keten, S. and Buehler, M.J.},
  title = {Nanostructure and molecular mechanics of spider dragline silk protein
	assemblies},
  journal = {Journal of The Royal Society Interface},
  year = {2010},
  volume = {7},
  pages = {1709--1721},
  number = {53},
  file = {keten2010nanostructure.pdf:keten2010nanostructure.pdf:PDF},
  publisher = {The Royal Society},
  timestamp = {2012.10.21}
}

@ARTICLE{kobus2011simulation,
  author = {Kobus, M. and Lieder, M. and Nguyen, P.H. and Stock, G.},
  title = {Simulation of transient infrared spectra of a photoswitchable peptide},
  journal = {The Journal of chemical physics},
  year = {2011},
  volume = {135},
  pages = {225102--225102},
  number = {22},
  file = {kobus2011simulation.pdf:kobus2011simulation.pdf:PDF},
  publisher = {American Institute of Physics},
  timestamp = {2013.01.11}
}

@ARTICLE{david1997quantitative,
  author = {Kofke, D.A.. and Cummings, P.T.},
  title = {Quantitative comparison and optimization of methods for evaluating
	the chemical potential by molecular simulation},
  journal = {Molecular Physics},
  year = {1997},
  volume = {92},
  pages = {973--996},
  number = {6},
  file = {david1997quantitative.pdf:david1997quantitative.pdf:PDF},
  publisher = {Taylor \& Francis},
  timestamp = {2012.10.15}
}

@ARTICLE{koh2000water,
  author = {Koh, C.A. and Wisbey, R.P. and Wu, X. and Westacott, R.E. and Soper,
	A.K.},
  title = {Water ordering around methane during hydrate formation},
  journal = {The Journal of Chemical Physics},
  year = {2000},
  volume = {113},
  pages = {6390},
  file = {koh2000water.pdf:koh2000water.pdf:PDF},
  timestamp = {2012.04.27}
}

@ARTICLE{konrad2005solubility,
  author = {Konrad, O. and Lankau, T.},
  title = {Solubility of methane in water: The significance of the methane-water
	interaction potential},
  journal = {The Journal of Physical Chemistry B},
  year = {2005},
  volume = {109},
  pages = {23596--23604},
  number = {49},
  file = {konrad2005solubility.pdf:konrad2005solubility.pdf:PDF},
  publisher = {ACS Publications},
  timestamp = {2013.01.21}
}

@ARTICLE{kreuzer2013catch,
  author = {Kreuzer, Steven M and Elber, Ron},
  title = {Catch bond-like kinetics of helix cracking: Network analysis by molecular
	dynamics and Milestoning},
  journal = {The Journal of Chemical Physics},
  year = {2013},
  volume = {139},
  pages = {121902},
  file = {kreuzer2013catch.pdf:kreuzer2013catch.pdf:PDF},
  timestamp = {2013.07.22}
}

@ARTICLE{kumar2005thermodynamics,
  author = {Kumar, P. and Buldyrev, S.V. and Starr, F.W. and Giovambattista,
	N. and Stanley, H.E.},
  title = {Thermodynamics, structure, and dynamics of water confined between
	hydrophobic plates},
  journal = {Physical Review E},
  year = {2005},
  volume = {72},
  pages = {051503},
  number = {5},
  file = {kumar2005thermodynamics.pdf:kumar2005thermodynamics.pdf:PDF},
  publisher = {APS},
  timestamp = {2011.10.17}
}

@ARTICLE{kuwajima2006molecular,
  author = {Kuwajima, S. and Kikuchi, H. and Fukuda, M.},
  title = {Molecular-dynamics evaluation of fluid-phase equilibrium properties
	by a novel free-energy perturbation approach: Application to gas
	solubility and vapor pressure of liquid hexane},
  journal = {The Journal of chemical physics},
  year = {2006},
  volume = {124},
  pages = {124111},
  file = {kuwajima2006molecular.pdf:kuwajima2006molecular.pdf:PDF},
  timestamp = {2013.02.01}
}

@ARTICLE{kuznetsova2005grand,
  author = {Kuznetsova, Tatyana and Kvamme, Bj{\o}rn},
  title = {Grand Canonical Molecular Dynamic Simulations For Polar Systems},
  journal = {Chem. Eng. Comm.},
  year = {2005},
  volume = {192},
  pages = {189--197},
  number = {2},
  file = {kuznetsova2005grand.pdf:kuznetsova2005grand.pdf:PDF},
  publisher = {Taylor \& Francis},
  timestamp = {2013.02.28}
}

@ARTICLE{kuznetsova1999grand,
  author = {Kuznetsova, T. and KVAMME, B.},
  title = {Grand canonical molecular dynamics for TIP4P water systems},
  journal = {Molecular Physics},
  year = {1999},
  volume = {97},
  pages = {423--431},
  number = {3},
  file = {kuznetsova1999grand.pdf:kuznetsova1999grand.pdf:PDF},
  publisher = {Taylor \& Francis},
  timestamp = {2012.08.17}
}

@ARTICLE{laage2009water,
  author = {Laage, D. and Stirnemann, G. and Hynes, J.T.},
  title = {Why water reorientation slows without iceberg formation around hydrophobic
	solutes},
  journal = {The Journal of Physical Chemistry B},
  year = {2009},
  volume = {113},
  pages = {2428--2435},
  number = {8},
  file = {laage2009water.pdf:laage2009water.pdf:PDF},
  publisher = {ACS Publications},
  timestamp = {2012.05.03}
}

@ARTICLE{lambeth2010communication,
  author = {Lambeth, B.P. and Junghans, C. and Kremer, K. and Clementi, C. and
	Site, L.D.},
  title = {Communication: On the locality of Hydrogen bond networks at hydrophobic
	interfaces},
  journal = {The Journal of chemical physics},
  year = {2010},
  volume = {133},
  pages = {221101},
  number = {22},
  file = {lambeth2010communication.pdf:lambeth2010communication.pdf:PDF},
  publisher = {American Institute of Physics},
  timestamp = {2012.02.16}
}

@ARTICLE{lanford1973entropy,
  author = {Lanford, O.},
  title = {Entropy and equilibrium states in classical statistical mechanics},
  journal = {Statistical mechanics and mathematical problems},
  year = {1973},
  pages = {1--113},
  file = {lanford1973entropy.pdf:lanford1973entropy.pdf:PDF},
  publisher = {Springer},
  timestamp = {2012.05.25}
}

@ARTICLE{lannon2012force,
  author = {Lannon, H. and Vanden-Eijnden, E. and Brujic, J.},
  title = {Force-clamp experiments reveal the free energy profile and diffusion
	coefficient of the collapse of proteins},
  journal = {arXiv preprint arXiv:1207.6781},
  year = {2012},
  file = {lannon2012force.pdf:lannon2012force.pdf:PDF},
  timestamp = {2012.10.22}
}

@ARTICLE{latorre2010free,
  author = {Latorre, JC and Hartmann, C. and Sch{\\"u}tte, C.},
  title = {Free energy computation by controlled Langevin processes},
  journal = {Procedia Computer Science},
  year = {2010},
  volume = {1},
  pages = {1591--1600},
  number = {1},
  file = {latorre2010free.pdf:latorre2010free.pdf:PDF},
  timestamp = {2011.09.09}
}

@ARTICLE{lebowitz1993boltzmann,
  author = {Lebowitz, J.L.},
  title = {Boltzmann's entropy and time's arrow},
  journal = {Physics today},
  year = {1993},
  volume = {46},
  pages = {32--32},
  file = {lebowitz1993boltzmann.pdf:lebowitz1993boltzmann.pdf:PDF},
  publisher = {American Institute of Physics},
  timestamp = {2012.06.07}
}

@ARTICLE{lebowitz1999gallavotti,
  author = {Lebowitz, J.L. and Spohn, H.},
  title = {A Gallavotti--Cohen-type symmetry in the large deviation functional
	for stochastic dynamics},
  journal = {Journal of Statistical Physics},
  year = {1999},
  volume = {95},
  pages = {333--365},
  number = {1},
  file = {lebowitz1999gallavotti.pdf:lebowitz1999gallavotti.pdf:PDF},
  publisher = {Springer},
  timestamp = {2012.06.08}
}

@ARTICLE{legge2006protein,
  author = {Legge, FS and Budi, A and Treutlein, H and Yarovsky, I},
  title = {Protein flexibility: multiple molecular dynamics simulations of insulin
	chain B},
  journal = {Biophysical chemistry},
  year = {2006},
  volume = {119},
  pages = {146--157},
  number = {2},
  file = {legge2006protein.pdf:legge2006protein.pdf:PDF},
  publisher = {Elsevier},
  timestamp = {2013.07.19}
}

@ARTICLE{legoll2010effective,
  author = {Legoll, F. and Lelievre, T.},
  title = {Effective dynamics using conditional expectations},
  journal = {Nonlinearity},
  year = {2010},
  volume = {23},
  pages = {2131},
  number = {9},
  file = {legoll2010effective.pdf:legoll2010effective.pdf:PDF},
  publisher = {IOP Publishing},
  timestamp = {2013.06.06}
}

@ARTICLE{leimkuhler2008temperature,
  author = {Leimkuhler, B. and Legoll, F. and Noorizadeh, E.},
  title = {A temperature control technique for nonequilibrium molecular simulation},
  journal = {The Journal of chemical physics},
  year = {2008},
  volume = {128},
  pages = {074105},
  file = {leimkuhler2008temperature.pdf:leimkuhler2008temperature.pdf:PDF},
  timestamp = {2012.08.13}
}

@ARTICLE{leimkuhler2011comparing,
  author = {Leimkuhler, B. and Noorizadeh, E. and Penrose, O.},
  title = {Comparing the efficiencies of stochastic isothermal molecular dynamics
	methods},
  journal = {Journal of Statistical Physics},
  year = {2011},
  volume = {143},
  pages = {921--942},
  number = {5},
  file = {leimkuhler2011comparing.pdf:leimkuhler2011comparing.pdf:PDF},
  publisher = {Springer},
  timestamp = {2012.08.13}
}

@ARTICLE{leimkuhler2009gentle,
  author = {Leimkuhler, B. and Noorizadeh, E. and Theil, F.},
  title = {A gentle stochastic thermostat for molecular dynamics},
  journal = {Journal of Statistical Physics},
  year = {2009},
  volume = {135},
  pages = {261--277},
  number = {2},
  file = {leimkuhler2009gentle.pdf:leimkuhler2009gentle.pdf:PDF},
  publisher = {Springer},
  timestamp = {2012.08.13}
}

@ARTICLE{levashov2013origin,
  author = {Levashov, V.A. and Morris, J.R. and Egami, T.},
  title = {The origin of viscosity as seen through atomic level stress correlation
	function},
  journal = {The Journal of Chemical Physics},
  year = {2013},
  volume = {138},
  pages = {044507},
  file = {levashov2013origin.pdf:levashov2013origin.pdf:PDF},
  timestamp = {2013.02.04}
}

@ARTICLE{li2007hydrophobic,
  author = {Li, J.L. and Car, R. and Tang, C. and Wingreen, N.S.},
  title = {Hydrophobic interaction and hydrogen-bond network for a methane pair
	in liquid water},
  journal = {Proceedings of the National Academy of Sciences},
  year = {2007},
  volume = {104},
  pages = {2626},
  number = {8},
  file = {li2007hydrophobic.pdf:li2007hydrophobic.pdf:PDF},
  publisher = {National Acad Sciences},
  timestamp = {2012.04.27}
}

@ARTICLE{lingenheil2008hot,
  author = {Lingenheil, M. and Denschlag, R. and Reichold, R. and Tavan, P.},
  title = {The "hot-solvent/cold-solute" problem revisited},
  journal = {Journal of Chemical Theory and Computation},
  year = {2008},
  volume = {4},
  pages = {1293--1306},
  number = {8},
  file = {lingenheil2008hot.pdf:lingenheil2008hot.pdf:PDF},
  publisher = {ACS Publications},
  timestamp = {2013.01.11}
}

@ARTICLE{liu2010linear,
  author = {Liu, F. and Tong, H. and Ma, R. and Ou-Yang, Z.},
  title = {Linear response theory and transient fluctuation
	
	relations for diffusion processes: a backward point of
	
	view},
  journal = {J. Phys. A: Math. Theor.},
  year = {2010},
  volume = {43},
  pages = {495003},
  file = {liu2010linear.pdf:liu2010linear.pdf:PDF},
  timestamp = {2012.07.31}
}

@ARTICLE{liu1996water,
  author = {Liu, K. and Cruzan, JD and Saykally, RJ},
  title = {Water clusters},
  journal = {Science},
  year = {1996},
  volume = {271},
  pages = {929},
  number = {5251},
  file = {liu1996water.pdf:liu1996water.pdf:PDF},
  publisher = {American Association for the Advancement of Science},
  timestamp = {2012.04.27}
}

@ARTICLE{liu2013general,
  author = {Liu, Xiao and Seider, Warren D and Sinno, Talid},
  title = {A general method for spatially coarse-graining Metropolis Monte Carlo
	simulations onto a lattice},
  journal = {The Journal of Chemical Physics},
  year = {2013},
  volume = {138},
  pages = {114104--114104},
  number = {11},
  file = {liu2013general.pdf:liu2013general.pdf:PDF},
  publisher = {American Institute of Physics},
  timestamp = {2013.03.26}
}

@ARTICLE{louis2010coarse,
  author = {Louis, A.A.},
  title = {Coarse-graining dynamics by telescoping down time-scales: comment
	for Faraday FD144},
  journal = {Arxiv preprint arXiv:1001.1166},
  year = {2010},
  file = {louis2010coarse.pdf:louis2010coarse.pdf:PDF},
  timestamp = {2012.04.10}
}

@ARTICLE{louis2010no,
  author = {Louis, A.A.},
  title = {No free lunch for effective potentials: general comment for Faraday
	FD144},
  journal = {Arxiv preprint arXiv:1001.1097},
  year = {2010},
  file = {louis2010no.pdf:louis2010no.pdf:PDF},
  timestamp = {2012.04.10}
}

@ARTICLE{lu2003appropriate,
  author = {Lu, N. and Singh, J.K. and Kofke, D.A.},
  title = {Appropriate methods to combine forward and reverse free-energy perturbation
	averages},
  journal = {The Journal of chemical physics},
  year = {2003},
  volume = {118},
  pages = {2977},
  file = {lu2003appropriate.pdf:lu2003appropriate.pdf:PDF},
  timestamp = {2012.10.19}
}

@ARTICLE{luzar1996hydrogen,
  author = {Luzar, A. and Chandler, D.},
  title = {Hydrogen-bond kinetics in liquid water},
  journal = {Nature},
  year = {1996},
  volume = {379},
  pages = {55--57},
  number = {6560},
  file = {luzar1996hydrogen.pdf:luzar1996hydrogen.pdf:PDF},
  timestamp = {2012.04.24}
}

@ARTICLE{lynch1997grand,
  author = {Lynch, G.C. and Pettitt, B.M.},
  title = {Grand canonical ensemble molecular dynamics simulations: Reformulation
	of extended system dynamics approaches},
  journal = {The Journal of chemical physics},
  year = {1997},
  volume = {107},
  pages = {8594},
  file = {lynch1997grand.pdf:lynch1997grand.pdf:PDF},
  timestamp = {2012.10.16}
}

@ARTICLE{lynden2002chemical,
  author = {Lynden-Bell, RM and Atamas, NA and Vasilyuk, A and Hanke, CG},
  title = {Chemical potentials of water and organic solutes in imidazolium ionic
	liquids: a simulation study},
  journal = {Molecular Physics},
  year = {2002},
  volume = {100},
  pages = {3225--3229},
  number = {20},
  file = {lynden2002chemical.pdf:lynden2002chemical.pdf:PDF},
  publisher = {Taylor \& Francis},
  timestamp = {2013.02.28}
}

@ARTICLE{lynden2011hydrogen,
  author = {Lynden-Bell, RM and Giovambattista, N. and Debenedetti, PG and Head-Gordon,
	T. and Rossky, PJ},
  title = {Hydrogen bond strength and network structure effects on hydration
	of non-polar molecules},
  journal = {Phys. Chem. Chem. Phys.},
  year = {2011},
  volume = {13},
  pages = {2748--2757},
  number = {7},
  file = {lynden2011hydrogen.pdf:lynden2011hydrogen.pdf:PDF},
  publisher = {The Royal Society of Chemistry},
  timestamp = {2012.04.23}
}

@ARTICLE{lyubartsev1994free,
  author = {Lyubartsev, Alexander P and Laaksonen, Aatto and Vorontsov-Velyaminov,
	Pavel N},
  title = {Free energy calculations for Lennard-Jones systems and water using
	the expanded ensemble method A Monte Carlo and molecular dynamics
	simulation study},
  journal = {Molecular Physics},
  year = {1994},
  volume = {82},
  pages = {455--471},
  number = {3},
  file = {lyubartsev1994free.pdf:lyubartsev1994free.pdf:PDF},
  publisher = {Taylor \& Francis},
  timestamp = {2013.05.03}
}

@ARTICLE{mueller2002coarse,
  author = {M{\"u}ller-Plathe, F.},
  title = {Coarse-Graining in Polymer Simulation: From the Atomistic to the
	Mesoscopic Scale and Back},
  journal = {ChemPhysChem},
  year = {2002},
  volume = {3},
  pages = {754--769},
  number = {9},
  file = {mueller2002coarse.pdf:mueller2002coarse.pdf:PDF},
  publisher = {Wiley Online Library},
  timestamp = {2011.12.28}
}

@ARTICLE{mallick2011field,
  author = {Mallick, K. and Moshe, M. and Orland, H.},
  title = {A field-theoretic approach to non-equilibrium work identities},
  journal = {Journal of Physics A: Mathematical and Theoretical},
  year = {2011},
  volume = {44},
  pages = {095002},
  file = {mallick2011field.pdf:mallick2011field.pdf:PDF},
  publisher = {IOP Publishing},
  timestamp = {2012.07.31}
}

@ARTICLE{mann2009self,
  author = {Mann, S.},
  title = {Self-assembly and transformation of hybrid nano-objects and nanostructures
	under equilibrium and non-equilibrium conditions},
  journal = {Nature materials},
  year = {2009},
  volume = {8},
  pages = {781--792},
  number = {10},
  file = {mann2009self.pdf:mann2009self.pdf:PDF},
  publisher = {Nature Publishing Group},
  timestamp = {2013.01.10}
}

@ARTICLE{marconi2008fluctuation,
  author = {Marconi, U.M.B. and Puglisi, A. and Rondoni, L. and Vulpiani, A.},
  title = {Fluctuation--dissipation: Response theory in statistical physics},
  journal = {Physics reports},
  year = {2008},
  volume = {461},
  pages = {111--195},
  number = {4},
  file = {marconi2008fluctuation.pdf:marconi2008fluctuation.pdf:PDF},
  publisher = {Elsevier},
  timestamp = {2012.05.30}
}

@ARTICLE{marianayagam2004folding,
  author = {Marianayagam, N.J. and Jackson, S.E. and others},
  title = {The folding pathway of ubiquitin from all-atom molecular dynamics
	simulations},
  journal = {Biophysical chemistry},
  year = {2004},
  volume = {111},
  pages = {159--171},
  number = {2},
  file = {marianayagam2004folding.pdf:marianayagam2004folding.pdf:PDF},
  publisher = {Elsevier Science},
  timestamp = {2012.10.23}
}

@ARTICLE{mateus2011electronic,
  author = {Mateus, M.P.S. and Galamba, N. and Costa Cabral, B.J. and Coutinho,
	K. and Canuto, S.},
  title = {Electronic properties of a methane-water solution},
  journal = {Chemical Physics Letters},
  year = {2011},
  volume = {506},
  pages = {183--189},
  file = {mateus2011electronic.pdf:mateus2011electronic.pdf:PDF},
  publisher = {Elsevier},
  timestamp = {2012.05.03}
}

@ARTICLE{matysiak2008modeling,
  author = {Matysiak, S. and Clementi, C. and Praprotnik, M. and Kremer, K. and
	Delle Site, L.},
  title = {Modeling diffusive dynamics in adaptive resolution simulation of
	liquid water},
  journal = {The Journal of chemical physics},
  year = {2008},
  volume = {128},
  pages = {024503},
  file = {matysiak2008modeling.pdf:matysiak2008modeling.pdf:PDF},
  timestamp = {2011.10.05}
}

@ARTICLE{mcgibbon2013learning,
  author = {McGibbon, Robert Treiman and Pande, Vijay S},
  title = {Learning Kinetic Distance Metrics for Markov State Models of Protein
	Conformational Dynamics},
  journal = {Journal of Chemical Theory and Computation},
  year = {2013},
  file = {mcgibbon2013learning.pdf:mcgibbon2013learning.pdf:PDF},
  publisher = {ACS Publications},
  timestamp = {2013.06.07}
}

@ARTICLE{meerbach2008sequential,
  author = {Meerbach, E. and Sch{\"u}tte, C.},
  title = {Sequential change-point detection in molecular dynamics trajectories},
  journal = {Preprint submitted to Elsevier, to be published},
  year = {2008},
  file = {meerbach2008sequential.pdf:meerbach2008sequential.pdf:PDF},
  timestamp = {2012.02.12}
}

@ARTICLE{merzel2002first,
  author = {Merzel, F. and Smith, J.C.},
  title = {Is the first hydration shell of lysozyme of higher density than bulk
	water?},
  journal = {Proceedings of the National Academy of Sciences},
  year = {2002},
  volume = {99},
  pages = {5378},
  number = {8},
  file = {merzel2002first.pdf:merzel2002first.pdf:PDF},
  publisher = {National Acad Sciences},
  timestamp = {2012.04.10}
}

@ARTICLE{meyer2006recent,
  author = {Meyer, E.E. and Rosenberg, K.J. and Israelachvili, J.},
  title = {Recent progress in understanding hydrophobic interactions},
  journal = {Proceedings of the National Academy of Sciences},
  year = {2006},
  volume = {103},
  pages = {15739--15746},
  number = {43},
  file = {meyer2006recent.pdf:meyer2006recent.pdf:PDF},
  publisher = {National Acad Sciences},
  timestamp = {2012.04.24}
}

@ARTICLE{meyer1999liquid,
  author = {Meyer, M. and Stanley, H.E.},
  title = {Liquid-liquid phase transition in confined water: A Monte Carlo study},
  journal = {The Journal of Physical Chemistry B},
  year = {1999},
  volume = {103},
  pages = {9728--9730},
  number = {44},
  file = {meyer1999liquid.pdf:meyer1999liquid.pdf:PDF},
  publisher = {ACS Publications},
  timestamp = {2011.10.17}
}

@ARTICLE{mezei1992polynomial,
  author = {Mezei, Mihaly},
  title = {Polynomial path for the calculation of liquid state free energies
	from computer simulations tested on liquid water},
  journal = {Journal of computational chemistry},
  year = {1992},
  volume = {13},
  pages = {651--656},
  number = {5},
  file = {mezei1992polynomial.pdf:mezei1992polynomial.pdf:PDF},
  publisher = {Wiley Online Library},
  timestamp = {2013.05.03}
}

@ARTICLE{milanesi2012measurement,
  author = {Milanesi, L. and Waltho, J.P. and Hunter, C.A. and Shaw, D.J. and
	Beddard, G.S. and Reid, G.D. and Dev, S. and Volk, M.},
  title = {Measurement of energy landscape roughness of folded and unfolded
	proteins},
  journal = {Proceedings of the National Academy of Sciences},
  year = {2012},
  volume = {109},
  pages = {19563--19568},
  number = {48},
  file = {milanesi2012measurement.pdf:milanesi2012measurement.pdf:PDF},
  publisher = {National Acad Sciences},
  timestamp = {2013.01.11}
}

@ARTICLE{mittal2008static,
  author = {Mittal, J. and Hummer, G.},
  title = {Static and dynamic correlations in water at hydrophobic interfaces},
  journal = {Proceedings of the National Academy of Sciences},
  year = {2008},
  volume = {105},
  pages = {20130--20135},
  number = {51},
  file = {mittal2008static.pdf:mittal2008static.pdf:PDF},
  publisher = {National Acad Sciences},
  timestamp = {2012.04.10}
}

@ARTICLE{mizuno2012mechanical,
  author = {Mizuno, H. and Yamamoto, R.},
  title = {Mechanical responses and stress fluctuations of a supercooled liquid
	in a sheared non-equilibrium state},
  journal = {The European Physical Journal E: Soft Matter and Biological Physics},
  year = {2012},
  volume = {35},
  pages = {1--14},
  number = {4},
  file = {mizuno2012mechanical.pdf:mizuno2012mechanical.pdf:PDF},
  publisher = {Springer},
  timestamp = {2012.06.10}
}

@ARTICLE{moore2012chemical,
  author = {Moore, S.G. and Wheeler, D.R.},
  title = {Chemical potential perturbation: Extension of the method to lattice
	sum treatment of intermolecular potentials},
  journal = {The Journal of Chemical Physics},
  year = {2012},
  volume = {136},
  pages = {164503},
  file = {moore2012chemical.pdf:moore2012chemical.pdf:PDF},
  timestamp = {2012.10.18}
}

@ARTICLE{moore2011chemical,
  author = {Moore, S.G. and Wheeler, D.R.},
  title = {Chemical potential perturbation: A method to predict chemical potentials
	in periodic molecular simulations},
  journal = {The Journal of Chemical Physics},
  year = {2011},
  volume = {134},
  pages = {114514},
  file = {moore2011chemical.pdf:moore2011chemical.pdf:PDF},
  timestamp = {2012.10.18}
}

@ARTICLE{mori1965transport,
  author = {Mori, H.},
  title = {Transport, collective motion, and Brownian motion},
  journal = {Progress of Theoretical Physics},
  year = {1965},
  volume = {33},
  pages = {423--455},
  file = {mori1965transport.pdf:mori1965transport.pdf:PDF},
  timestamp = {2012.08.24}
}

@ARTICLE{mukherji2012preferential,
  author = {Mukherji, D and van der Vegt, N.F.A. and Kremer, K.},
  title = {Preferential Solvation of Triglycine in Aqueous Urea: An Open Boundary
	Simulation Approach},
  journal = {Journal of Chemical Theory and Computation},
  year = {2012},
  file = {mukherji2012preferential.pdf:mukherji2012preferential.pdf:PDF},
  publisher = {ACS Publications},
  timestamp = {2012.07.24}
}

@ARTICLE{mukherji2012kirkwood,
  author = {Mukherji, D. and van der Vegt, N.F.A. and Kremer, K. and Delle Site,
	L.},
  title = {Kirkwood-Buff analysis of liquid mixtures in an open boundary simulation},
  journal = {Journal of Chemical Theory and Computation},
  year = {2012},
  volume = {8},
  pages = {375--379},
  number = {2},
  file = {mukherji2012kirkwood.pdf:mukherji2012kirkwood.pdf:PDF},
  publisher = {ACS Publications},
  timestamp = {2012.07.24}
}

@ARTICLE{nguyen2006photoinduced,
  author = {Nguyen, P.H. and Gorbunov, R.D. and Stock, G.},
  title = {Photoinduced conformational dynamics of a photoswitchable peptide:
	A nonequilibrium molecular dynamics simulation study},
  journal = {Biophysical journal},
  year = {2006},
  volume = {91},
  pages = {1224--1234},
  number = {4},
  file = {nguyen2006photoinduced.pdf:nguyen2006photoinduced.pdf:PDF},
  publisher = {Elsevier},
  timestamp = {2013.01.11}
}

@ARTICLE{nguyen2010nonequilibrium,
  author = {Nguyen, P.H. and Park, S.M. and Stock, G.},
  title = {Nonequilibrium molecular dynamics simulation of the energy transport
	through a peptide helix},
  journal = {The Journal of chemical physics},
  year = {2010},
  volume = {132},
  pages = {025102},
  file = {nguyen2010nonequilibrium.pdf:nguyen2010nonequilibrium.pdf:PDF},
  timestamp = {2013.01.11}
}

@ARTICLE{nguyen2011real,
  author = {Nguyen, P.H. and Staudt, H. and Wachtveitl, J. and Stock, G.},
  title = {Real time observation of ultrafast peptide conformational dynamics:
	molecular dynamics simulation vs infrared experiment},
  journal = {The Journal of Physical Chemistry B},
  year = {2011},
  volume = {115},
  pages = {13084--13092},
  number = {44},
  file = {nguyen2011real.pdf:nguyen2011real.pdf:PDF},
  publisher = {ACS Publications},
  timestamp = {2013.01.11}
}

@ARTICLE{nguyen2006nonequilibrium,
  author = {Nguyen, P.H. and Stock, G.},
  title = {Nonequilibrium molecular dynamics simulation of a photoswitchable
	peptide},
  journal = {Chemical physics},
  year = {2006},
  volume = {323},
  pages = {36--44},
  number = {1},
  file = {nguyen2006nonequilibrium.pdf:nguyen2006nonequilibrium.pdf:PDF},
  publisher = {Elsevier},
  timestamp = {2013.01.11}
}

@ARTICLE{nguyen2003nonequilibrium,
  author = {Nguyen, P.H. and Stock, G.},
  title = {Nonequilibrium molecular-dynamics study of the vibrational energy
	relaxation of peptides in water},
  journal = {The Journal of chemical physics},
  year = {2003},
  volume = {119},
  pages = {11350},
  file = {nguyen2003nonequilibrium.pdf:nguyen2003nonequilibrium.pdf:PDF},
  timestamp = {2013.01.11}
}

@ARTICLE{nielsen2010adaptive,
  author = {Nielsen, S.O. and Moore, P.B. and Ensing, B.},
  title = {Adaptive multiscale molecular dynamics of macromolecular fluids},
  journal = {Physical review letters},
  year = {2010},
  volume = {105},
  pages = {237802},
  number = {23},
  file = {nielsen2010adaptive.pdf:nielsen2010adaptive.pdf:PDF},
  publisher = {APS},
  timestamp = {2012.06.14}
}

@ARTICLE{nielsen2011nielsen,
  author = {Nielsen, Steven O. and Moore, Preston B. and Ensing, Bernd},
  title = {Nielsen, Moore, and Ensing Reply:},
  journal = {Phys. Rev. Lett.},
  year = {2011},
  volume = {107},
  pages = {099802},
  month = {Aug},
  doi = {10.1103/PhysRevLett.107.099802},
  file = {nielsen2011nielsen.pdf:nielsen2011nielsen.pdf:PDF},
  issue = {9},
  numpages = {1},
  publisher = {American Physical Society},
  timestamp = {2012.06.14},
  url = {http://link.aps.org/doi/10.1103/PhysRevLett.107.099802}
}

@ARTICLE{noe2009constructing,
  author = {No{\'e}, F. and Sch{\\"u}tte, C. and Vanden-Eijnden, E. and Reich,
	L. and Weikl, T.R.},
  title = {Constructing the equilibrium ensemble of folding pathways from short
	off-equilibrium simulations},
  journal = {Proceedings of the National Academy of Sciences},
  year = {2009},
  volume = {106},
  pages = {19011},
  number = {45},
  file = {noe2009constructing.pdf:noe2009constructing.pdf:PDF;:noe2009constructing-appendix.pdf:PDF},
  publisher = {National Acad Sciences},
  timestamp = {2011.08.24}
}

@ARTICLE{nutt2007molecular,
  author = {Nutt, D.R. and Smith, J.C.},
  title = {Molecular dynamics simulations of proteins: Can the explicit water
	model be varied?},
  journal = {Journal of Chemical Theory and Computation},
  year = {2007},
  volume = {3},
  pages = {1550--1560},
  number = {4},
  file = {nutt2007molecular.pdf:nutt2007molecular.pdf:PDF},
  publisher = {ACS Publications},
  timestamp = {2013.01.14}
}

@ARTICLE{oostenbrink2005validation,
  author = {Oostenbrink, Chris and Soares, Thereza A and van der Vegt, Nico FA
	and van Gunsteren, Wilfred F},
  title = {Validation of the 53A6 GROMOS force field},
  journal = {European Biophysics Journal},
  year = {2005},
  volume = {34},
  pages = {273--284},
  number = {4},
  file = {oostenbrink2005validation.pdf:oostenbrink2005validation.pdf:PDF},
  publisher = {Springer},
  timestamp = {2013.03.29}
}

@ARTICLE{oostenbrink2004biomolecular,
  author = {Oostenbrink, Chris and Villa, Alessandra and Mark, Alan E and Van
	Gunsteren, Wilfred F},
  title = {A biomolecular force field based on the free enthalpy of hydration
	and solvation: The GROMOS force-field parameter sets 53A5 and 53A6},
  journal = {Journal of computational chemistry},
  year = {2004},
  volume = {25},
  pages = {1656--1676},
  number = {13},
  file = {oostenbrink2004biomolecular.pdf:oostenbrink2004biomolecular.pdf:PDF},
  publisher = {Wiley Online Library},
  timestamp = {2013.03.29}
}

@ARTICLE{orlandini2011hydrodynamics,
  author = {Orlandini, S. and Meloni, S. and Ciccotti, G.},
  title = {Hydrodynamics from statistical mechanics: combined dynamical-NEMD
	and conditional sampling to relax an interface between two immiscible
	liquids},
  journal = {Phys. Chem. Chem. Phys.},
  year = {2011},
  volume = {13},
  pages = {13177--13181},
  file = {orlandini2011hydrodynamics.pdf:orlandini2011hydrodynamics.pdf:PDF},
  publisher = {The Royal Society of Chemistry},
  timestamp = {2011.09.07}
}

@INPROCEEDINGS{orlandini2011hydrodynamics-01,
  author = {Orlandini, Sergio and Meloni, Simone and Ciccotti, Giovanni},
  title = {Hydrodynamics from dynamical non-equilibrium MD},
  booktitle = {AIP Conference Proceedings},
  year = {2011},
  volume = {1332},
  pages = {77},
  file = {orlandini2011hydrodynamics-01.pdf:orlandini2011hydrodynamics-01.pdf:PDF},
  timestamp = {2011.09.07}
}

@ARTICLE{ozer2012thermodynamics,
  author = {Ozer, G. and Quirk, S. and Hernandez, R.},
  title = {The thermodynamics of decaalanine stretching in water obtained by
	adaptive steered molecular dynamics simulations},
  journal = {Journal of Chemical Theory and Computation},
  year = {2012},
  volume = {8},
  pages = {4837--4844},
  number = {11},
  file = {ozer2012thermodynamics.pdf:ozer2012thermodynamics.pdf:PDF},
  publisher = {ACS Publications},
  timestamp = {2013.01.16}
}

@ARTICLE{ozer2010adaptive,
  author = {Ozer, G. and Valeev, E.F. and Quirk, S. and Hernandez, R.},
  title = {Adaptive steered molecular dynamics of the long-distance unfolding
	of neuropeptide Y},
  journal = {Journal of Chemical Theory and Computation},
  year = {2010},
  volume = {6},
  pages = {3026--3038},
  number = {10},
  file = {ozer2010adaptive.pdf:ozer2010adaptive.pdf:PDF},
  publisher = {ACS Publications},
  timestamp = {2013.01.16}
}

@ARTICLE{perez2012infinite,
  author = {P\'erez-Espigares, C. and Kolton, A.B. and Kurchan, J.},
  title = {Infinite family of second-law-like inequalities},
  journal = {Phys. Rev. E},
  year = {2012},
  volume = {85},
  pages = {031135},
  month = {Mar},
  doi = {10.1103/PhysRevE.85.031135},
  file = {perez2012infinite.pdf:perez2012infinite.pdf:PDF},
  issue = {3},
  numpages = {8},
  publisher = {American Physical Society},
  timestamp = {2012.05.31},
  url = {http://link.aps.org/doi/10.1103/PhysRevE.85.031135}
}

@ARTICLE{palmer1994transverse,
  author = {Palmer, Bruce J},
  title = {Transverse-current autocorrelation-function calculations of the shear
	viscosity for molecular liquids},
  journal = {Physical Review E},
  year = {1994},
  volume = {49},
  pages = {359},
  number = {1},
  file = {palmer1994transverse.pdf:palmer1994transverse.pdf:PDF},
  publisher = {APS},
  timestamp = {2013.03.31}
}

@ARTICLE{pande2010everything,
  author = {Pande, V.S. and Beauchamp, K. and Bowman, G.R.},
  title = {Everything you wanted to know about Markov State Models but were
	afraid to ask},
  journal = {Methods},
  year = {2010},
  volume = {52},
  pages = {99--105},
  number = {1},
  file = {pande2010everything.pdf:pande2010everything.pdf:PDF},
  publisher = {Elsevier},
  timestamp = {2012.02.17}
}

@ARTICLE{pantazis2012relative,
  author = {Pantazis, Y. and Katsoulakis, M.A.},
  title = {A Relative Entropy Rate Method for Path Space Sensitivity Analysis
	of Stationary Complex Stochastic Dynamics},
  journal = {The Journal of Chemical Physics},
  year = {2013},
  volume = {138},
  pages = {054115},
  file = {pantazis2012relative.pdf:pantazis2012relative.pdf:PDF},
  timestamp = {2013.02.07}
}

@ARTICLE{paramore2007extending,
  author = {Paramore, S. and Ayton, G.S. and Voth, G.A.},
  title = {Extending the fluctuation theorem to describe reaction coordinates},
  journal = {The Journal of chemical physics},
  year = {2007},
  volume = {126},
  pages = {051102},
  file = {paramore2007extending.pdf:paramore2007extending.pdf:PDF},
  timestamp = {2012.07.31}
}

@ARTICLE{pascal2011entropy,
  author = {Pascal, T.A. and Goddard, W.A. and Jung, Y.},
  title = {Entropy and the driving force for the filling of carbon nanotubes
	with water},
  journal = {Proceedings of the National Academy of Sciences},
  year = {2011},
  volume = {108},
  pages = {11794--11798},
  number = {29},
  file = {pascal2011entropy.pdf:pascal2011entropy.pdf:PDF},
  publisher = {National Acad Sciences},
  timestamp = {2013.03.18}
}

@ARTICLE{paschek2004temperature,
  author = {Paschek, D.},
  title = {Temperature dependence of the hydrophobic hydration and interaction
	of simple solutes: An examination of five popular water models},
  journal = {Journal of Chemical Physics},
  year = {2004},
  volume = {120},
  pages = {6674--6690},
  number = {14},
  file = {paschek2004temperature.pdf:paschek2004temperature.pdf:PDF},
  publisher = {American Institute of Physics, Melville, USA},
  timestamp = {2012.10.18}
}

@ARTICLE{patel2010fluctuations,
  author = {Patel, A.J. and Varilly, P. and Chandler, D.},
  title = {Fluctuations of water near extended hydrophobic and hydrophilic surfaces},
  journal = {The Journal of Physical Chemistry B},
  year = {2010},
  volume = {114},
  pages = {1632--1637},
  number = {4},
  file = {patel2010fluctuations.pdf:patel2010fluctuations.pdf:PDF},
  publisher = {ACS Publications},
  timestamp = {2012.04.10}
}

@ARTICLE{perreault2000bayesian,
  author = {Perreault, L. and Bernier, J. and Bob{\'e}e, B. and Parent, E.},
  title = {Bayesian change-point analysis in hydrometeorological time series.
	Part 2. Comparison of change-point models and forecasting},
  journal = {Journal of Hydrology},
  year = {2000},
  volume = {235},
  pages = {242--263},
  number = {3-4},
  file = {perreault2000bayesian.pdf:perreault2000bayesian.pdf:PDF},
  publisher = {Elsevier},
  timestamp = {2012.02.12}
}

@ARTICLE{pertsemlidis1996direct,
  author = {Pertsemlidis, A. and Saxena, A.M. and Soper, A.K. and Head-Gordon,
	T. and Glaeser, R.M.},
  title = {Direct evidence for modified solvent structure within the hydration
	shell of a hydrophobic amino acid},
  journal = {Proceedings of the National Academy of Sciences},
  year = {1996},
  volume = {93},
  pages = {10769},
  number = {20},
  file = {pertsemlidis1996direct.pdf:pertsemlidis1996direct.pdf:PDF},
  publisher = {National Acad Sciences},
  timestamp = {2012.04.27}
}

@ARTICLE{pertsemlidis1999evidence,
  author = {Pertsemlidis, A. and Soper, A.K. and Sorenson, J.M. and Head-Gordon,
	T.},
  title = {Evidence for microscopic, long-range hydration forces for a hydrophobic
	amino acid},
  journal = {Proceedings of the National Academy of Sciences},
  year = {1999},
  volume = {96},
  pages = {481},
  number = {2},
  file = {pertsemlidis1999evidence.pdf:pertsemlidis1999evidence.pdf:PDF},
  publisher = {National Acad Sciences},
  timestamp = {2012.04.27}
}

@ARTICLE{peter2008classical,
  author = {Peter, C. and Delle Site, L. and Kremer, K.},
  title = {Classical simulations from the atomistic to the mesoscale and back:
	coarse graining an azobenzene liquid crystal},
  journal = {Soft Matter},
  year = {2008},
  volume = {4},
  pages = {859--869},
  number = {4},
  file = {peter2008classical.pdf:peter2008classical.pdf:PDF},
  publisher = {The Royal Society of Chemistry},
  timestamp = {2012.02.16}
}

@ARTICLE{peter2009multiscale,
  author = {Peter, C. and Kremer, K.},
  title = {Multiscale simulation of soft matter systems--from the atomistic
	to the coarse-grained level and back},
  journal = {Soft Matter},
  year = {2009},
  volume = {5},
  pages = {4357--4366},
  number = {22},
  file = {peter2009multiscale.pdf:peter2009multiscale.pdf:PDF},
  publisher = {The Royal Society of Chemistry},
  timestamp = {2012.02.16}
}

@ARTICLE{petravic2008equilibrium,
  author = {Petravic, Janka and Harrowell, Peter},
  title = {Equilibrium calculations of viscosity and thermal conductivity across
	a solid-liquid interface using boundary fluctuations},
  journal = {The Journal of chemical physics},
  year = {2008},
  volume = {128},
  pages = {194710},
  file = {petravic2008equilibrium.pdf:petravic2008equilibrium.pdf:PDF},
  timestamp = {2013.03.31}
}

@ARTICLE{petravic2007equilibrium,
  author = {Petravic, Janka and Harrowell, Peter},
  title = {On the equilibrium calculation of the friction coefficient for liquid
	slip against a wall},
  journal = {The Journal of chemical physics},
  year = {2007},
  volume = {127},
  pages = {174706},
  file = {petravic2007equilibrium.pdf:petravic2007equilibrium.pdf:PDF},
  timestamp = {2013.03.31}
}

@ARTICLE{petravic2006boundary,
  author = {Petravic, Janka and Harrowell, Peter},
  title = {The boundary fluctuation theory of transport coefficients in the
	linear-response limit},
  journal = {The Journal of chemical physics},
  year = {2006},
  volume = {124},
  pages = {014103},
  file = {petravic2006boundary.pdf:petravic2006boundary.pdf:PDF},
  timestamp = {2013.03.31}
}

@ARTICLE{platini2011measure,
  author = {Platini, T.},
  title = {Measure of the violation of the detailed balance criterion: A possible
	definition of a "distance" from equilibrium},
  journal = {Physical Review E},
  year = {2011},
  volume = {83},
  pages = {011119},
  number = {1},
  file = {platini2011measure.pdf:platini2011measure.pdf:PDF},
  publisher = {APS},
  timestamp = {2012.06.07}
}

@ARTICLE{poblete2010coupling,
  author = {Poblete, S. and Praprotnik, M. and Kremer, K. and Delle Site, L.},
  title = {Coupling different levels of resolution in molecular simulations},
  journal = {The Journal of chemical physics},
  year = {2010},
  volume = {132},
  pages = {114101},
  file = {poblete2010coupling.pdf:poblete2010coupling.pdf:PDF},
  timestamp = {2012.02.16}
}

@ARTICLE{poma2008separation,
  author = {Poma, A.B. and Delle Site, L.},
  title = {Separation of variables in molecular-dynamics simulations: A criterion
	to estimate the quality of the approximation},
  journal = {Physical Review E},
  year = {2008},
  volume = {78},
  pages = {056703},
  number = {5},
  file = {poma2008separation.pdf:poma2008separation.pdf:PDF},
  publisher = {APS},
  timestamp = {2012.02.16}
}

@ARTICLE{praprotnik2008multiscale,
  author = {Praprotnik, M. and Delle Site, L. and Kremer, K.},
  title = {Multiscale simulation of soft matter: From scale bridging to adaptive
	resolution},
  journal = {Annu. Rev. Phys. Chem.},
  year = {2008},
  volume = {59},
  pages = {545--571},
  file = {praprotnik2008multiscale.pdf:praprotnik2008multiscale.pdf:PDF},
  publisher = {Annual Reviews},
  timestamp = {2012.02.16}
}

@ARTICLE{praprotnik2006adaptive,
  author = {Praprotnik, M. and Delle Site, L. and Kremer, K.},
  title = {Adaptive resolution scheme for efficient hybrid atomistic-mesoscale
	molecular dynamics simulations of dense liquids},
  journal = {Physical Review E},
  year = {2006},
  volume = {73},
  pages = {066701},
  number = {6},
  file = {praprotnik2006adaptive.pdf:praprotnik2006adaptive.pdf:PDF},
  publisher = {APS},
  timestamp = {2012.02.16}
}

@ARTICLE{praprotnik2005adaptive,
  author = {Praprotnik, M. and Delle Site, L. and Kremer, K.},
  title = {Adaptive resolution molecular-dynamics simulation: Changing the degrees
	of freedom on the fly},
  journal = {The Journal of chemical physics},
  year = {2005},
  volume = {123},
  pages = {224106},
  file = {praprotnik2005adaptive.pdf:praprotnik2005adaptive.pdf:PDF},
  timestamp = {2012.02.16}
}

@ARTICLE{praprotnik2008simulation,
  author = {Praprotnik, M. and Junghans, C. and Delle Site, L. and Kremer, K.},
  title = {Simulation approaches to soft matter: Generic statistical properties
	vs. chemical details},
  journal = {Computer Physics Communications},
  year = {2008},
  volume = {179},
  pages = {51--60},
  number = {1},
  file = {praprotnik2008simulation.pdf:praprotnik2008simulation.pdf:PDF},
  publisher = {Elsevier},
  timestamp = {2012.02.16}
}

@ARTICLE{praprotnik2007adaptive1,
  author = {Praprotnik, M. and Kremer, K. and Delle Site, L.},
  title = {Adaptive molecular resolution via a continuous change of the phase
	space dimensionality},
  journal = {Physical Review E},
  year = {2007},
  volume = {75},
  pages = {017701},
  number = {1},
  file = {praprotnik2007adaptive1.pdf:praprotnik2007adaptive1.pdf:PDF},
  publisher = {APS},
  timestamp = {2012.02.16}
}

@ARTICLE{praprotnik2007fractional,
  author = {Praprotnik, M. and Kremer, K. and Delle Site, L.},
  title = {Fractional dimensions of phase space variables: a tool for varying
	the degrees of freedom of a system in a multiscale treatment},
  journal = {Journal of Physics A: Mathematical and Theoretical},
  year = {2007},
  volume = {40},
  pages = {F281},
  file = {praprotnik2007fractional.pdf:praprotnik2007fractional.pdf:PDF},
  publisher = {IOP Publishing},
  timestamp = {2011.10.05}
}

@ARTICLE{praprotnik2007adaptive,
  author = {Praprotnik, M. and Matysiak, S. and Site, L.D. and Kremer, K. and
	Clementi, C.},
  title = {Adaptive resolution simulation of liquid water},
  journal = {Journal of Physics: Condensed Matter},
  year = {2007},
  volume = {19},
  pages = {292201},
  file = {praprotnik2007adaptive.pdf:praprotnik2007adaptive.pdf:PDF},
  publisher = {IOP Publishing},
  timestamp = {2012.02.16}
}

@ARTICLE{praprotnik2011comment,
  author = {Praprotnik, M. and Poblete, S. and Delle Site, L. and Kremer, K.},
  title = {Comment on "Adaptive Multiscale Molecular Dynamics of Macromolecular
	Fluids"},
  journal = {Physical Review Letters},
  year = {2011},
  volume = {107},
  pages = {99801},
  number = {9},
  file = {praprotnik2011comment.pdf:praprotnik2011comment.pdf:PDF},
  publisher = {APS},
  timestamp = {2012.06.14}
}

@ARTICLE{praprotnik2011statistical,
  author = {Praprotnik, M. and Poblete, S. and Kremer, K.},
  title = {Statistical Physics Problems in Adaptive Resolution Computer Simulations
	of Complex Fluids},
  journal = {Journal of Statistical Physics},
  year = {2011},
  pages = {1--21},
  file = {praprotnik2011statistical.pdf:praprotnik2011statistical.pdf:PDF},
  publisher = {Springer},
  timestamp = {2012.04.04}
}

@ARTICLE{pratt1980effects,
  author = {Pratt, L.R. and Chandler, D.},
  title = {Effects of solute--solvent attractive forces on hydrophobic correlations},
  journal = {The Journal of Chemical Physics},
  year = {1980},
  volume = {73},
  pages = {3434--3441},
  file = {pratt1980effects.pdf:pratt1980effects.pdf:PDF},
  timestamp = {2012.04.24}
}

@ARTICLE{pratt1977theory,
  author = {Pratt, L.R. and Chandler, D.},
  title = {Theory of the hydrophobic effect},
  journal = {The Journal of Chemical Physics},
  year = {1977},
  volume = {67},
  pages = {3683--3704},
  file = {pratt1977theory.pdf:pratt1977theory.pdf:PDF},
  timestamp = {2012.04.24}
}

@ARTICLE{prinz2011optimal,
  author = {Prinz, J.H. and Chodera, J.D. and Pande, V.S. and Swope, WD and Smith,
	J.C. and No{\'e}, F.},
  title = {Optimal use of data in parallel tempering simulations for the construction
	of discrete-state Markov models of biomolecular dynamics},
  journal = {J. Chem. Phys.},
  year = {2011},
  volume = {134},
  pages = {244108},
  number = {24},
  file = {prinz2011optimal.pdf:prinz2011optimal.pdf:PDF},
  timestamp = {2012.10.24}
}

@ARTICLE{prinz2011markov,
  author = {Prinz, J.H. and Wu, H. and Sarich, M. and Keller, B. and Senne, M.
	and Held, M. and Chodera, J.D. and Sch{\"u}tte, C. and No{\'e}, F.},
  title = {Markov models of molecular kinetics: Generation and validation},
  journal = {The Journal of chemical physics},
  year = {2011},
  volume = {134},
  pages = {174105},
  file = {prinz2011markov.pdf:prinz2011markov.pdf:PDF;supplement material:prinz2011markov.support.pdf:PDF},
  timestamp = {2012.02.17}
}

@ARTICLE{qi2013quantification,
  author = {Qi, Yifei and Im, Wonpil},
  title = {Quantification of Drive-Response Relationships Between Residues During
	Protein Folding},
  journal = {Journal of Chemical Theory and Computation},
  year = {2013},
  file = {qi2013quantification.pdf:qi2013quantification.pdf:PDF},
  publisher = {ACS Publications},
  timestamp = {2013.07.15}
}

@ARTICLE{quintana1992chemical,
  author = {Quintana, J. and Haymet, ADJ},
  title = {The chemical potential of water: molecular dynamics computer simulation
	of the CF and SPC models},
  journal = {Chemical physics letters},
  year = {1992},
  volume = {189},
  pages = {273--277},
  number = {3},
  file = {quintana1992chemical.pdf:quintana1992chemical.pdf:PDF},
  publisher = {Elsevier},
  timestamp = {2012.10.14}
}

@ARTICLE{rahman1973hydrogen,
  author = {Rahman, A. and Stillinger, FH},
  title = {Hydrogen-bond patterns in liquid water},
  journal = {Journal of the American Chemical Society},
  year = {1973},
  volume = {95},
  pages = {7943--7948},
  number = {24},
  file = {rahman1973hydrogen.pdf:rahman1973hydrogen.pdf:PDF},
  publisher = {ACS Publications},
  timestamp = {2012.04.24}
}

@ARTICLE{reichman2005mode,
  author = {Reichman, D.R. and Charbonneau, P.},
  title = {Mode-coupling theory},
  journal = {Journal of Statistical Mechanics: Theory and Experiment},
  year = {2005},
  volume = {2005},
  pages = {P05013},
  file = {reichman2005mode.pdf:reichman2005mode.pdf:PDF},
  publisher = {IOP Publishing},
  timestamp = {2012.08.24}
}

@ARTICLE{reid2010different,
  author = {Reid, JC and Cunning, BV and Searles, DJ},
  title = {Different approaches for evaluating exponentially weighted nonequilibrium
	relations.},
  journal = {The Journal of chemical physics},
  year = {2010},
  volume = {133},
  pages = {154108},
  number = {15},
  file = {reid2010different.pdf:reid2010different.pdf:PDF},
  timestamp = {2012.06.08}
}

@ARTICLE{reid2012communication,
  author = {Reid, J.C. and Evans, D.J. and Searles, D.J.},
  title = {Communication: Beyond Boltzmann's H-theorem: Demonstration of the
	relaxation theorem for a non-monotonic approach to equilibrium},
  journal = {Journal of Chemical Physics},
  year = {2012},
  volume = {136},
  pages = {21101},
  number = {2},
  file = {reid2012communication.pdf:reid2012communication.pdf:PDF},
  timestamp = {2012.06.08}
}

@ARTICLE{reith2003deriving,
  author = {Reith, D. and P{\"u}tz, M. and M{\"u}ller-Plathe, F.},
  title = {Deriving effective mesoscale potentials from atomistic simulations},
  journal = {Journal of computational chemistry},
  year = {2003},
  volume = {24},
  pages = {1624--1636},
  number = {13},
  file = {reith2003deriving.pdf:reith2003deriving.pdf:PDF},
  publisher = {Wiley Online Library},
  timestamp = {2011.12.28}
}

@ARTICLE{roberts2013ligand,
  author = {Roberts, Christopher C and Chang, Chia-en A},
  title = {Ligand binding pathway elucidation for cryptophane host-guest complexes},
  journal = {Journal of Chemical Theory and Computation},
  year = {2013},
  file = {roberts2013ligand.pdf:roberts2013ligand.pdf:PDF},
  publisher = {ACS Publications},
  timestamp = {2013.03.21}
}

@ARTICLE{ross2010thermodynamics,
  author = {Ross, J. and Villaverde, A.F.},
  title = {Thermodynamics and Fluctuations Far From Equilibrium},
  journal = {Entropy},
  year = {2010},
  volume = {12},
  pages = {2199--2243},
  number = {10},
  file = {ross2010thermodynamics.pdf:ross2010thermodynamics.pdf:PDF},
  publisher = {Molecular Diversity Preservation International},
  timestamp = {2012.06.08}
}

@ARTICLE{ruelle2004conversations,
  author = {Ruelle, D.},
  title = {Conversations on Nonequilibrium Physics With an Extraterrestrial},
  journal = {Physics Today},
  year = {2004},
  volume = {57},
  pages = {48},
  file = {ruelle2004conversations.pdf:ruelle2004conversations.pdf:PDF},
  timestamp = {2012.06.05}
}

@ARTICLE{saha2009entropy,
  author = {Saha, A. and Lahiri, S. and Jayannavar, AM},
  title = {Entropy production theorems and some consequences},
  journal = {Physical Review E},
  year = {2009},
  volume = {80},
  pages = {011117},
  number = {1},
  file = {saha2009entropy.pdf:saha2009entropy.pdf:PDF},
  publisher = {APS},
  timestamp = {2012.07.31}
}

@ARTICLE{salacuse2008particle,
  author = {Salacuse, JJ},
  title = {Particle fluctuations within sub-regions of an N-particle, three-dimensional
	fluid: Finite-size effects and compressibility},
  journal = {Physica A: Statistical Mechanics and its Applications},
  year = {2008},
  volume = {387},
  pages = {3073--3083},
  number = {13},
  file = {salacuse2008particle.pdf:salacuse2008particle.pdf:PDF},
  publisher = {Elsevier},
  timestamp = {2012.07.05}
}

@ARTICLE{salacuse2007particle,
  author = {Salacuse, JJ},
  title = {Particle fluctuations within sub-regions of an N-particle, two-dimensional
	fluid: Finite-size effects and compressibility},
  journal = {Physica A: Statistical Mechanics and its Applications},
  year = {2007},
  volume = {379},
  pages = {372--388},
  number = {2},
  file = {salacuse2007particle.pdf:salacuse2007particle.pdf:PDF},
  publisher = {Elsevier},
  timestamp = {2012.07.05}
}

@ARTICLE{sarma2012effect,
  author = {Sarma, R. and Paul, S.},
  title = {The effect of pressure on the hydration structure around hydrophobic
	solute: A molecular dynamics simulation study},
  journal = {Journal of Chemical Physics},
  year = {2012},
  volume = {136},
  pages = {114510},
  number = {11},
  file = {sarma2012effect.pdf:sarma2012effect.pdf:PDF},
  timestamp = {2012.04.27}
}

@ARTICLE{sarupria2009quantifying,
  author = {Sarupria, S. and Garde, S.},
  title = {Quantifying water density fluctuations and compressibility of hydration
	shells of hydrophobic solutes and proteins},
  journal = {Physical review letters},
  year = {2009},
  volume = {103},
  pages = {37803},
  number = {3},
  file = {sarupria2009quantifying.pdf:sarupria2009quantifying.pdf:PDF},
  publisher = {APS},
  timestamp = {2012.04.10}
}

@ARTICLE{schuette2003biomolecular,
  author = {Sch{\"u}tte, C. and Huisinga, W.},
  title = {Biomolecular conformations can be identified as metastable sets of
	molecular dynamics},
  journal = {Handbook of Numerical Analysis},
  year = {2003},
  volume = {10},
  pages = {699--744},
  file = {schuette2003biomolecular.pdf:schuette2003biomolecular.pdf:PDF},
  publisher = {Elsevier},
  timestamp = {2012.05.04}
}

@ARTICLE{schutte2012optimal,
  author = {Sch{\"u}tte, C. and Winkelmann, S. and Hartmann, C.},
  title = {Optimal control of molecular dynamics using Markov state models},
  journal = {Math. Program.},
  year = {2012},
  file = {schutte2012optimal.pdf:schutte2012optimal.pdf:PDF},
  timestamp = {2012.05.30}
}

@ARTICLE{schuette2011markov,
  author = {Sch{\"u}tte, C. and No{\'e}, F. and Lu, J. and Sarich, M. and Vanden-Eijnden,
	E.},
  title = {Markov state models based on milestoning},
  journal = {The Journal of Chemical Physics},
  year = 2011,
  volume = 134,
  pages = 204105,
  file = {schuette2011markov.pdf:schuette2011markov.pdf:PDF},
  timestamp = {2011.08.24}
}

@ARTICLE{schneck2012hydration,
  author = {Schneck, E. and Sedlmeier, F. and Netz, R.R.},
  title = {Hydration repulsion between biomembranes results from an interplay
	of dehydration and depolarization},
  journal = {Proceedings of the National Academy of Sciences},
  year = {2012},
  volume = {109},
  pages = {14405--14409},
  number = {36},
  file = {schneck2012hydration.pdf:schneck2012hydration.pdf:PDF;:schneck2012hydration_supplement.pdf:PDF},
  publisher = {National Acad Sciences},
  timestamp = {2012.09.30}
}

@ARTICLE{schuler2001improved,
  author = {Schuler, Lukas D and Daura, Xavier and Van Gunsteren, Wilfred F},
  title = {An improved GROMOS96 force field for aliphatic hydrocarbons in the
	condensed phase},
  journal = {Journal of Computational Chemistry},
  year = {2001},
  volume = {22},
  pages = {1205--1218},
  number = {11},
  file = {schuler2001improved.pdf:schuler2001improved.pdf:PDF},
  publisher = {Wiley Online Library},
  timestamp = {2013.03.29}
}

@ARTICLE{schulz2005new,
  author = {Schulz, F. and Hartke, B.},
  title = {A new proposal for the reason of magic numbers in alkali cation microhydration
	clusters},
  journal = {Theoretical Chemistry Accounts: Theory, Computation, and Modeling
	(Theoretica Chimica Acta)},
  year = {2005},
  volume = {114},
  pages = {357--379},
  number = {4},
  file = {schulz2005new.pdf:schulz2005new.pdf:PDF},
  publisher = {Springer},
  timestamp = {2012.04.27}
}

@ARTICLE{schulz2002dodecahedral,
  author = {Schulz, F. and Hartke, B.},
  title = {Dodecahedral clathrate structures and magic numbers in alkali cation
	microhydration clusters},
  journal = {ChemPhysChem},
  year = {2002},
  volume = {3},
  pages = {98--106},
  number = {1},
  file = {schulz2002dodecahedral.pdf:schulz2002dodecahedral.pdf:PDF},
  publisher = {Wiley Online Library},
  timestamp = {2012.04.27}
}

@ARTICLE{schwantes2013improvements,
  author = {Schwantes, C.R. and Pande, V.S.},
  title = {Improvements in Markov State Model Construction Reveal Many Non-Native
	Interactions in the Folding of NTL9},
  journal = {Journal of Chemical Theory and Computation},
  year = {2013},
  file = {schwantes2013improvements.pdf:schwantes2013improvements.pdf:PDF},
  publisher = {ACS Publications},
  timestamp = {2013.03.26}
}

@ARTICLE{searles2007steady,
  author = {Searles, D.J. and Rondoni, L. and Evans, D.J.},
  title = {The steady state fluctuation relation for the dissipation function},
  journal = {Journal of Statistical Physics},
  year = {2007},
  volume = {128},
  pages = {1337--1363},
  number = {6},
  file = {searles2007steady.pdf:searles2007steady.pdf:PDF},
  publisher = {Springer},
  timestamp = {2012.06.05}
}

@ARTICLE{seibert2005reproducible,
  author = {Seibert, M.M. and Patriksson, A. and Hess, B. and van der Spoel,
	D.},
  title = {Reproducible polypeptide folding and structure prediction using molecular
	dynamics simulations},
  journal = {Journal of molecular biology},
  year = {2005},
  volume = {354},
  pages = {173--183},
  number = {1},
  file = {seibert2005reproducible.pdf:seibert2005reproducible.pdf:PDF},
  publisher = {Elsevier},
  timestamp = {2013.01.10}
}

@ARTICLE{seifert2012stochastic,
  author = {Seifert, U.},
  title = {Stochastic thermodynamics, fluctuation theorems, and molecular machines},
  journal = {Arxiv preprint arXiv:1205.4176},
  year = {2012},
  file = {seifert2012stochastic.pdf:seifert2012stochastic.pdf:PDF},
  timestamp = {2012.06.10}
}

@ARTICLE{seifert2005entropy,
  author = {Seifert, U.},
  title = {Entropy production along a stochastic trajectory and an integral
	fluctuation theorem},
  journal = {Physical review letters},
  year = {2005},
  volume = {95},
  pages = {40602},
  number = {4},
  file = {seifert2005entropy.pdf:seifert2005entropy.pdf:PDF},
  publisher = {APS},
  timestamp = {2012.07.26}
}

@ARTICLE{seifert2010fluctuation,
  author = {Seifert, U. and Speck, T.},
  title = {Fluctuation-dissipation theorem in nonequilibrium steady states},
  journal = {EPL (Europhysics Letters)},
  year = {2010},
  volume = {89},
  pages = {10007},
  file = {seifert2010fluctuation.pdf:seifert2010fluctuation.pdf:PDF},
  publisher = {IOP Publishing},
  timestamp = {2012.05.30}
}

@ARTICLE{senne2012emma,
  author = {Senne, M. and Trendelkamp-Schroer, B. and Mey, A.S.J.S. and Sch{\"u}tte,
	C. and No{\'}e, F.},
  title = {EMMA: A Software Package for Markov Model Building and Analysis},
  journal = {Journal of Chemical Theory and Computation},
  year = {2012},
  volume = {8},
  pages = {2223--2238},
  number = {7},
  file = {senne2012emma.pdf:senne2012emma.pdf:PDF},
  publisher = {ACS Publications},
  timestamp = {2012.10.24}
}

@ARTICLE{shah2007molecular,
  author = {Shah, Prateek P and Roberts, Christopher J},
  title = {Molecular solvation in water-methanol and water-sorbitol mixtures:
	The roles of preferential hydration, hydrophobicity, and the equation
	of state},
  journal = {The Journal of Physical Chemistry B},
  year = {2007},
  volume = {111},
  pages = {4467--4476},
  number = {17},
  file = {shah2007molecular.pdf:shah2007molecular.pdf:PDF},
  publisher = {ACS Publications},
  timestamp = {2013.02.28}
}

@ARTICLE{shi2006mixed,
  author = {Shi, Q. and Izvekov, S. and Voth, G.A.},
  title = {Mixed atomistic and coarse-grained molecular dynamics: simulation
	of a membrane-bound ion channel},
  journal = {The Journal of Physical Chemistry B},
  year = {2006},
  volume = {110},
  pages = {15045--15048},
  number = {31},
  file = {shi2006mixed.pdf:shi2006mixed.pdf:PDF},
  publisher = {ACS Publications},
  timestamp = {2012.06.14}
}

@ARTICLE{shimizu2000temperature,
  author = {Shimizu, S. and Chan, H.S.},
  title = {Temperature dependence of hydrophobic interactions: a mean force
	perspective, effects of water density, and nonadditivity of thermodynamic
	signatures},
  journal = {The Journal of Chemical Physics},
  year = {2000},
  volume = {113},
  pages = {4683},
  file = {shimizu2000temperature.pdf:shimizu2000temperature.pdf:PDF},
  timestamp = {2012.04.24}
}

@ARTICLE{shroll1999molecular0,
  author = {Shroll, R.M. and Smith, D.E.},
  title = {Molecular dynamics simulations in the grand canonical ensemble: Formulation
	of a bias potential for umbrella sampling},
  journal = {The Journal of chemical physics},
  year = {1999},
  volume = {110},
  pages = {8295},
  file = {shroll1999molecular0.pdf:shroll1999molecular0.pdf:PDF},
  timestamp = {2012.10.14}
}

@ARTICLE{shroll1999molecular1,
  author = {Shroll, R.M. and Smith, D.E.},
  title = {Molecular dynamics simulations in the grand canonical ensemble: Application
	to clay mineral swelling},
  journal = {The Journal of chemical physics},
  year = {1999},
  volume = {111},
  pages = {9025--9033},
  number = {19},
  file = {shroll1999molecular1.pdf:shroll1999molecular1.pdf:PDF;shroll1999molecular.pdf:shroll1999molecular.pdf:PDF},
  publisher = {American Institute of Physics},
  timestamp = {2012.10.14}
}

@ARTICLE{sivak2013using,
  author = {Sivak, David A and Chodera, John D and Crooks, Gavin E},
  title = {Using Nonequilibrium Fluctuation Theorems to Understand and Correct
	Errors in Equilibrium and Nonequilibrium Simulations of Discrete
	Langevin Dynamics},
  journal = {Physical Review X},
  year = {2013},
  volume = {3},
  pages = {011007},
  number = {1},
  file = {sivak2013using.pdf:sivak2013using.pdf:PDF},
  publisher = {APS},
  timestamp = {2013.02.28}
}

@ARTICLE{smith1993free,
  author = {Smith, D.E. and Haymet, ADJ},
  title = {Free energy, entropy, and internal energy of hydrophobic interactions:
	Computer simulations},
  journal = {The Journal of chemical physics},
  year = {1993},
  volume = {98},
  pages = {6445},
  file = {smith1993free.pdf:smith1993free.pdf:PDF},
  timestamp = {2012.04.24}
}

@ARTICLE{smith1999alanine,
  author = {Smith, P.E.},
  title = {The alanine dipeptide free energy surface in solution},
  journal = {The Journal of chemical physics},
  year = {1999},
  volume = {111},
  pages = {5568--5579},
  number = {12},
  file = {smith1999alanine.pdf:smith1999alanine.pdf:PDF},
  publisher = {American Institute of Physics},
  timestamp = {2012.10.26}
}

@ARTICLE{smolin2004molecular,
  author = {Smolin, N. and Winter, R.},
  title = {Molecular dynamics simulations of staphylococcal nuclease: Properties
	of water at the protein surface},
  journal = {The Journal of Physical Chemistry B},
  year = {2004},
  volume = {108},
  pages = {15928--15937},
  number = {40},
  file = {smolin2004molecular.pdf:smolin2004molecular.pdf:PDF},
  publisher = {ACS Publications},
  timestamp = {2012.05.02}
}

@ARTICLE{solomentsev2012effects,
  author = {Solomentsev, G.Y. and English, N.J. and Mooney, D.A.},
  title = {Effects of external electromagnetic fields on the conformational
	sampling of a short alanine peptide},
  journal = {Journal of Computational Chemistry},
  year = {2012},
  volume = {33},
  pages = {917--923},
  file = {solomentsev2012effects.pdf:solomentsev2012effects.pdf:PDF},
  publisher = {Wiley Online Library},
  timestamp = {2013.01.10}
}

@ARTICLE{solomentsev2010hydrogen,
  author = {Solomentsev, G.Y. and English, N.J. and Mooney, D.A.},
  title = {Hydrogen bond perturbation in hen egg white lysozyme by external
	electromagnetic fields: A nonequilibrium molecular dynamics study},
  journal = {The Journal of chemical physics},
  year = {2010},
  volume = {133},
  pages = {235102},
  file = {solomentsev2010hydrogen.pdf:solomentsev2010hydrogen.pdf:PDF},
  timestamp = {2013.01.10}
}

@ARTICLE{soper2010ambient,
  author = {Soper, AK and Teixeira, J. and Head-Gordon, T.},
  title = {Is ambient water inhomogeneous on the nanometer-length scale?},
  journal = {Proceedings of the National Academy of Sciences of the United States
	of America},
  year = {2010},
  volume = {107},
  pages = {E44},
  number = {12},
  publisher = {National Academy of Sciences},
  timestamp = {2012.04.23}
}

@ARTICLE{sorin2005exploring,
  author = {Sorin, E.J. and Pande, V.S.},
  title = {Exploring the helix-coil transition via all-atom equilibrium ensemble
	simulations},
  journal = {Biophysical Journal},
  year = {2005},
  volume = {88},
  pages = {2472--2493},
  number = {4},
  file = {sorin2005exploring.pdf:sorin2005exploring.pdf:PDF},
  publisher = {Elsevier},
  timestamp = {2013.01.11}
}

@ARTICLE{southall2002view,
  author = {Southall, N.T. and Dill, K.A. and Haymet, ADJ},
  title = {A view of the hydrophobic effect},
  journal = {The Journal of Physical Chemistry B},
  year = {2002},
  volume = {106},
  pages = {521--533},
  number = {3},
  file = {southall2002view.pdf:southall2002view.pdf:PDF},
  publisher = {ACS Publications},
  timestamp = {2012.04.24}
}

@ARTICLE{sporlein2002ultrafast,
  author = {Sp{\"o}rlein, S. and Carstens, H. and Satzger, H. and Renner, C.
	and Behrendt, R. and Moroder, L. and Tavan, P. and Zinth, W. and
	Wachtveitl, J.},
  title = {Ultrafast spectroscopy reveals subnanosecond peptide conformational
	dynamics and validates molecular dynamics simulation},
  journal = {Proceedings of the National Academy of Sciences},
  year = {2002},
  volume = {99},
  pages = {7998--8002},
  number = {12},
  file = {sporlein2002ultrafast.pdf:sporlein2002ultrafast.pdf:PDF},
  publisher = {National Acad Sciences},
  timestamp = {2013.01.11}
}

@ARTICLE{wolfram2011implementation,
  author = {Stacklies, W. and Seifert, S. and Gr{\"a}ter, F.},
  title = {Implementation of force distribution analysis for molecular dynamics
	simulations},
  journal = {BMC Bioinformatics},
  year = {2011},
  volume = {12},
  pages = {101},
  file = {wolfram2011implementation.pdf:wolfram2011implementation.pdf:PDF},
  timestamp = {2012.10.22}
}

@ARTICLE{suzuoka2012development,
  author = {Suzuoka, D. and Takahashi, H. and Ishiyama, T. and Morita, A.},
  title = {Development of a methodology to compute solvation free energies on
	the basis of the theory of energy representation for solutions represented
	with a polarizable force field},
  journal = {The Journal of Chemical Physics},
  year = {2012},
  volume = {137},
  pages = {214503},
  number = {21},
  eid = {214503},
  doi = {10.1063/1.4769075},
  file = {suzuoka2012development.pdf:suzuoka2012development.pdf:PDF},
  keywords = {free energy; molecular dynamics method; molecular force constants;
	organic compounds; polarisability; solvation; solvent effects; water},
  numpages = {10},
  publisher = {AIP},
  timestamp = {2012.12.07},
  url = {http://link.aip.org/link/?JCP/137/214503/1}
}

@ARTICLE{swaminathan1978monte,
  author = {Swaminathan, S. and Harrison, SW and Beveridge, D.L.},
  title = {Monte Carlo studies on the structure of a dilute aqueous solution
	of methane},
  journal = {Journal of the American Chemical Society},
  year = {1978},
  volume = {100},
  pages = {5705--5712},
  number = {18},
  file = {swaminathan1978monte.pdf:swaminathan1978monte.pdf:PDF},
  publisher = {ACS Publications},
  timestamp = {2012.04.27}
}

@ARTICLE{swope2004describing,
  author = {Swope, W.C. and Pitera, J.W. and Suits, F.},
  title = {Describing protein folding kinetics by molecular dynamics simulations.
	1. Theory},
  journal = {The Journal of Physical Chemistry B},
  year = {2004},
  volume = {108},
  pages = {6571--6581},
  number = {21},
  file = {swope2004describing.pdf:swope2004describing.pdf:PDF},
  publisher = {ACS Publications},
  timestamp = {2013.01.14}
}

@ARTICLE{swope2004describing2,
  author = {Swope, W.C. and Pitera, J.W. and Suits, F. and Pitman, M. and Eleftheriou,
	M. and Fitch, B.G. and Germain, R.S. and Rayshubski, A. and Ward,
	T.J.C. and Zhestkov, Y. and others},
  title = {Describing protein folding kinetics by molecular dynamics simulations.
	2. example applications to alanine dipeptide and a $\beta$-hairpin
	peptide},
  journal = {The Journal of Physical Chemistry B},
  year = {2004},
  volume = {108},
  pages = {6582--6594},
  number = {21},
  file = {swope2004describing2.pdf:swope2004describing2.pdf:PDF},
  publisher = {ACS Publications},
  timestamp = {2013.01.14}
}

@ARTICLE{taniguchi2008inertial,
  author = {Taniguchi, T. and Cohen, E.G.D.},
  title = {Inertial Effects in Nonequilibrium Work Fluctuations by a Path Integral
	Approach},
  journal = {Journal of Statistical Physics},
  year = {2008},
  volume = {130},
  pages = {1--26},
  number = {1},
  file = {taniguchi2008inertial.pdf:taniguchi2008inertial.pdf:PDF},
  publisher = {Springer},
  timestamp = {2012.06.12}
}

@ARTICLE{toschi2008effects,
  author = {Toschi, Francesca and Lugli, Francesca and Biscarini, Fabio and Zerbetto,
	Francesco},
  title = {Effects of electric field stress on a $\beta$-amyloid peptide},
  journal = {The Journal of Physical Chemistry B},
  year = {2008},
  volume = {113},
  pages = {369--376},
  number = {1},
  file = {toschi2008effects.pdf:toschi2008effects.pdf:PDF},
  publisher = {ACS Publications},
  timestamp = {2013.07.18}
}

@ARTICLE{tuckerman2001non,
  author = {Tuckerman, M.E. and Liu, Y. and Ciccotti, G. and Martyna, G.J.},
  title = {Non-Hamiltonian molecular dynamics: Generalizing Hamiltonian phase
	space principles to non-Hamiltonian systems},
  journal = {The Journal of Chemical Physics},
  year = {2001},
  volume = {115},
  pages = {1678},
  file = {tuckerman2001non.pdf:tuckerman2001non.pdf:PDF},
  timestamp = {2011.10.28}
}

@ARTICLE{tuckerman1999classical,
  author = {Tuckerman, ME and Mundy, CJ and Martyna, GJ},
  title = {On the classical statistical mechanics of non-Hamiltonian systems},
  journal = {Europhysics Letters},
  year = {1999},
  volume = {45},
  pages = {149},
  file = {tuckerman1999classical.pdf:tuckerman1999classical.pdf:PDF},
  publisher = {IOP Publishing},
  timestamp = {2011.10.28}
}

@ARTICLE{udachin2001dense,
  author = {Udachin, K.A. and Ratcliffe, C.I. and Ripmeester, J.A.},
  title = {A dense and efficient clathrate hydrate structure with unusual cages},
  journal = {Angewandte Chemie},
  year = {2001},
  volume = {113},
  pages = {1343--1345},
  number = {7},
  file = {udachin2001dense.pdf:udachin2001dense.pdf:PDF},
  publisher = {Wiley Online Library},
  timestamp = {2012.04.27}
}

@ARTICLE{van2006thermodynamics,
  author = {Van Der Spoel, D. and Van Maaren, P.J. and Larsson, P. and T{\^\i}mneanu,
	N.},
  title = {Thermodynamics of hydrogen bonding in hydrophilic and hydrophobic
	media},
  journal = {The Journal of Physical Chemistry B},
  year = {2006},
  volume = {110},
  pages = {4393--4398},
  number = {9},
  file = {van2006thermodynamics.pdf:van2006thermodynamics.pdf:PDF},
  publisher = {ACS Publications},
  timestamp = {2012.04.24}
}

@ARTICLE{verley2012inequalities,
  author = {Verley, G. and Ch{\'e}trite, R. and Lacoste, D.},
  title = {Inequalities Generalizing the Second Law of Thermodynamics for Transitions
	between Nonstationary States},
  journal = {Phys. Rev. Lett.},
  year = {2012},
  volume = {108},
  pages = {120601},
  month = {Mar},
  doi = {10.1103/PhysRevLett.108.120601},
  file = {verley2012inequalities.pdf:verley2012inequalities.pdf:PDF},
  issue = {12},
  numpages = {4},
  publisher = {American Physical Society},
  timestamp = {2012.05.31},
  url = {http://link.aps.org/doi/10.1103/PhysRevLett.108.120601}
}

@ARTICLE{verley2011modified,
  author = {Verley, G. and Ch{\'e}trite, R. and Lacoste, D.},
  title = {Modified fluctuation-dissipation theorem for general non-stationary
	states and application to the Glauber--Ising chain},
  journal = {Journal of Statistical Mechanics: Theory and Experiment},
  year = {2011},
  volume = {2011},
  pages = {P10025},
  file = {verley2011modified.pdf:verley2011modified.pdf:PDF},
  publisher = {IOP Publishing},
  timestamp = {2012.05.31}
}

@ARTICLE{vidler2000accurate,
  author = {Vidler, M. and Tennyson, J.},
  title = {Accurate partition function and thermodynamic data for water},
  journal = {The Journal of Chemical Physics},
  year = {2000},
  volume = {113},
  pages = {9766},
  file = {vidler2000accurate.pdf:vidler2000accurate.pdf:PDF},
  timestamp = {2012.12.10}
}

@ARTICLE{villa2002calculation,
  author = {Villa, Alessandra and Mark, Alan E},
  title = {Calculation of the free energy of solvation for neutral analogs of
	amino acid side chains},
  journal = {Journal of computational chemistry},
  year = {2002},
  volume = {23},
  pages = {548--553},
  number = {5},
  file = {villa2002calculation.pdf:villa2002calculation.pdf:PDF},
  publisher = {Wiley Online Library},
  timestamp = {2013.05.03}
}


@ARTICLE{vogel2005mechanisms,
  author = {Vogel, A. and Noack, J. and H{\"u}ttman, G. and Paltauf, G.},
  title = {Mechanisms of femtosecond laser nanosurgery of cells and tissues},
  journal = {Applied Physics B: Lasers and Optics},
  year = {2005},
  volume = {81},
  pages = {1015--1047},
  number = {8},
  file = {vogel2005mechanisms.pdf:vogel2005mechanisms.pdf:PDF},
  publisher = {Springer},
  timestamp = {2013.01.17}
}

@BOOK{voth2009coarse,
  title = {Coarse-graining of condensed phase and biomolecular systems},
  publisher = {CRC Press Inc.},
  year = {2009},
  author = {Voth, G.A.},
  timestamp = {2012.02.16}
}

@ARTICLE{walsh2009microsecond,
  author = {Walsh, M.R. and Koh, C.A. and Sloan, E.D. and Sum, A.K. and Wu, D.T.},
  title = {Microsecond simulations of spontaneous methane hydrate nucleation
	and growth},
  journal = {Science},
  year = {2009},
  volume = {326},
  pages = {1095--1098},
  number = {5956},
  file = {walsh2009microsecond.pdf:walsh2009microsecond.pdf:PDF},
  publisher = {American Association for the Advancement of Science},
  timestamp = {2012.08.21}
}

@ARTICLE{walter2011ambient,
  author = {Walter, J. and Hartmann, C. and Maddocks, JH},
  title = {Ambient space formulations and statistical mechanics of holonomically
	constrained Langevin systems},
  journal = {The European Physical Journal-Special Topics},
  year = {2011},
  volume = {200},
  pages = {153--181},
  number = {1},
  file = {walter2011ambient.pdf:walter2011ambient.pdf:PDF},
  publisher = {Springer},
  timestamp = {2012.10.02}
}

@ARTICLE{wang2002experimental,
  author = {Wang, G. and Sevick, E. and Mittag, E. and Searles, D. and Evans,
	D. and others},
  title = {Experimental demonstration of violations of the second law of thermodynamics
	for small systems and short time scales},
  journal = {Physical Review Letters},
  year = {2002},
  volume = {89},
  pages = {50601--50601},
  number = {5},
  file = {wang2002experimental.pdf:wang2002experimental.pdf:PDF},
  publisher = {American Physical Society},
  timestamp = {2012.07.31}
}

@ARTICLE{wang2013nonequilibrium,
  author = {Wang, L. and Dumont, R.S. and Dickson, J.M.},
  title = {Nonequilibrium molecular dynamics simulation of pressure-driven water
	transport through modified CNT membranes},
  journal = {The Journal of Chemical Physics},
  year = {2013},
  volume = {138},
  pages = {124701},
  file = {wang2013nonequilibrium.pdf:wang2013nonequilibrium.pdf:PDF},
  timestamp = {2013.03.26}
}

@ARTICLE{wang2012nonequilibrium,
  author = {Wang, Luying and Dumont, Randall S and Dickson, James M},
  title = {Nonequilibrium molecular dynamics simulation of water transport through
	carbon nanotube membranes at low pressure},
  journal = {The Journal of Chemical Physics},
  year = {2012},
  volume = {137},
  pages = {044102},
  file = {wang2012nonequilibrium.pdf:wang2012nonequilibrium.pdf:PDF},
  timestamp = {2013.03.31}
}

@ARTICLE{wang2012exploring,
  author = {Wang, Y. and Gan, L. and Wang, E. and Wang, J.},
  title = {Exploring the Dynamic Functional Landscape of Adenylate Kinase Modulated
	by Substrates},
  journal = {Journal of Chemical Theory and Computation},
  file = {wang2012exploring.pdf:wang2012exploring.pdf:PDF},
  publisher = {ACS Publications},
  timestamp = {2012.11.14}
}

@ARTICLE{watanabe1990direct,
  author = {Watanabe, Masakatsu and Reinhardt, William P},
  title = {Direct dynamical calculation of entropy and free energy by adiabatic
	switching},
  journal = {Physical review letters},
  year = {1990},
  volume = {65},
  pages = {3301--3304},
  number = {26},
  file = {watanabe1990direct.pdf:watanabe1990direct.pdf:PDF},
  publisher = {APS},
  timestamp = {2013.05.03}
}

@ARTICLE{widom2003hydrophobic,
  author = {Widom, B. and Bhimalapuram, P. and Koga, K.},
  title = {The hydrophobic effect},
  journal = {Phys. Chem. Chem. Phys.},
  year = {2003},
  volume = {5},
  pages = {3085--3093},
  number = {15},
  file = {widom2003hydrophobic.pdf:widom2003hydrophobic.pdf:PDF},
  publisher = {The Royal Society of Chemistry},
  timestamp = {2012.04.24}
}

@ARTICLE{williams2011nonequilibrium,
  author = {Williams, S.R. and Evans, D.J. and Searles, D.J.},
  title = {Nonequilibrium Umbrella Sampling and the Functional Crooks Fluctuation
	Theorem},
  journal = {Journal of Statistical Physics},
  year = {2011},
  volume = {145},
  pages = {831--840},
  number = {4},
  doi = {10.1007/s10955-011-0281-0},
  file = {williams2011nonequilibrium.pdf:williams2011nonequilibrium.pdf:PDF},
  publisher = {Springer},
  timestamp = {2012.06.08}
}

@ARTICLE{wu2008pairwise,
  author = {Wu, J. and Prausnitz, J.M.},
  title = {Pairwise-additive hydrophobic effect for alkanes in water},
  journal = {Proceedings of the National Academy of Sciences},
  year = {2008},
  volume = {105},
  pages = {9512},
  number = {28},
  file = {wu2008pairwise.pdf:wu2008pairwise.pdf:PDF},
  publisher = {National Acad Sciences},
  timestamp = {2012.04.27}
}

@ARTICLE{xia2011minimum,
  author = {Xia, F. and Thirumalai, D. and Gr{\"a}ter, F.},
  title = {Minimum energy compact structures in force-quench polyubiquitin folding
	are domain swapped},
  journal = {Proceedings of the National Academy of Sciences},
  year = {2011},
  volume = {108},
  pages = {6963--6968},
  number = {17},
  file = {xia2011minimum.pdf:xia2011minimum.pdf:PDF},
  publisher = {National Acad Sciences},
  timestamp = {2012.10.22}
}

@ARTICLE{yamane2003molecular,
  author = {Yamane, T. and Umemura, K. and Nakazawa, Y. and Asakura, T.},
  title = {Molecular Dynamics Simulation of Conformational Change of Poly (Ala-Gly)
	from Silk I to Silk II in Relation to Fiber Formation Mechanism of
	Bombyx m ori Silk Fibroin},
  journal = {Macromolecules},
  year = {2003},
  volume = {36},
  pages = {6766--6772},
  number = {18},
  file = {yamane2003molecular.pdf:yamane2003molecular.pdf:PDF},
  publisher = {ACS Publications},
  timestamp = {2012.10.21}
}

@ARTICLE{yang2013comparison,
  author = {Yang, Li and Ahmed, Alauddin and Sandler, Stanley I},
  title = {Comparison of two simulation methods to compute solvation free energies
	and partition coefficients},
  journal = {Journal of computational chemistry},
  year = {2013},
  volume = {34},
  pages = {284--293},
  number = {4},
  file = {yang2013comparison.pdf:yang2013comparison.pdf:PDF},
  publisher = {Wiley Online Library},
  timestamp = {2013.05.02}
}

@ARTICLE{yong2013thermostats,
  author = {Yong, Xin and Zhang, Lucy T},
  title = {Thermostats and thermostat strategies for molecular dynamics simulations
	of nanofluidics},
  journal = {The Journal of Chemical Physics},
  year = {2013},
  volume = {138},
  pages = {084503--084503},
  number = {8},
  file = {yong2013thermostats.pdf:yong2013thermostats.pdf:PDF},
  publisher = {American Institute of Physics},
  timestamp = {2013.02.27}
}

@ARTICLE{yuge2010sum,
  author = {Yuge, T.},
  title = {Sum rule for response function in nonequilibrium Langevin systems},
  journal = {Physical Review E},
  year = {2010},
  volume = {82},
  pages = {051130},
  number = {5},
  file = {yuge2010sum.pdf:yuge2010sum.pdf:PDF},
  publisher = {APS},
  timestamp = {2012.06.07}
}

@ARTICLE{zangi2011driving,
  author = {Zangi, R.},
  title = {Driving Force for Hydrophobic Interaction at Different Length Scales},
  journal = {The Journal of Physical Chemistry B},
  year = {2011},
  volume = {115},
  pages = {2303--2311},
  number = {10},
  file = {zangi2011driving.pdf:zangi2011driving.pdf:PDF},
  publisher = {ACS Publications},
  timestamp = {2012.04.24}
}

@ARTICLE{zhang2011reconstructing,
  author = {Zhang, Q. and Bruji{\'c}, J. and Vanden-Eijnden, E.},
  title = {Reconstructing Free Energy Profiles from Nonequilibrium Relaxation
	Trajectories},
  journal = {Journal of Statistical Physics},
  year = {2011},
  volume = {144},
  pages = {344--366},
  file = {zhang2011reconstructing.pdf:zhang2011reconstructing.pdf:PDF},
  publisher = {Springer},
  timestamp = {2012.07.31}
}

@ARTICLE{zhang2004fs,
  author = {Zhang, W. and Lei, H. and Chowdhury, S. and Duan, Y.},
  title = {Fs-21 peptides can form both single helix and helix-turn-helix},
  journal = {The Journal of Physical Chemistry B},
  year = {2004},
  volume = {108},
  pages = {7479--7489},
  number = {22},
  file = {zhang2004fs.pdf:zhang2004fs.pdf:PDF},
  publisher = {ACS Publications},
  timestamp = {2013.01.10}
}

@ARTICLE{zhou2013dynamic,
  author = {Zhou, Jiajia and Schmitz, Roman and Duenweg, Burkard and Schmid,
	Friederike},
  title = {Dynamic and Dielectric Response of Charged Colloids in Electrolyte
	Solutions to External Electric Fields},
  journal = {The Journal of Chemical Physics},
  year = {2013},
  volume = {139},
  pages = {024901},
  doi = {10.1063/1.4812692},
  file = {zhou2013dynamic.pdf:zhou2013dynamic.pdf:PDF},
  timestamp = {2013.07.18}
}

@ARTICLE{vanzon2004extended,
  author = {van Zon, R. and Cohen, EGD},
  title = {Extended heat-fluctuation theorems for a system with deterministic
	and stochastic forces},
  journal = {Physical Review E},
  year = {2004},
  volume = {69},
  pages = {056121},
  number = {5},
  file = {vanzon2004extended.pdf:vanzon2004extended.pdf:PDF},
  publisher = {APS},
  timestamp = {2012.07.31}
}

@ARTICLE{vanzon2003stationary,
  author = {van Zon, R. and Cohen, EG},
  title = {Stationary and transient work-fluctuation theorems for a dragged
	Brownian particle},
  journal = {Physical Review E},
  year = {2003},
  volume = {67},
  pages = {46102},
  number = {4},
  file = {vanzon2003stationary.pdf:vanzon2003stationary.pdf:PDF},
  timestamp = {2012.07.31}
}

@ARTICLE{zwanzig1961memory,
  author = {Zwanzig, R.},
  title = {Memory effects in irreversible thermodynamics},
  journal = {Physical Review},
  year = {1961},
  volume = {124},
  pages = {983},
  number = {4},
  file = {zwanzig1961memory.pdf:zwanzig1961memory.pdf:PDF},
  publisher = {APS},
  timestamp = {2012.08.24}
}

@ARTICLE{zwicker1990does,
  author = {Zwicker, J. and Lovett, R.},
  title = {When does a pair correlation function fix the state of an equilibrium
	system?},
  journal = {The Journal of Chemical Physics},
  year = {1990},
  volume = {93},
  pages = {6752},
  file = {zwicker1990does.pdf:zwicker1990does.pdf:PDF},
  timestamp = {2011.12.05}
}

@comment{jabref-meta: selector_publisher:}

@comment{jabref-meta: selector_author:}

@comment{jabref-meta: selector_journal:Chemical;Chemical;Journal;}

@comment{jabref-meta: selector_keywords:}

@comment{jabref-meta: groupsversion:3;}

@comment{jabref-meta: groupstree:
0 AllEntriesGroup:;
1 ExplicitGroup:MSM\;0\;bowman2012improved\;chodera2011dynamical\;djur
djevac2010markov\;kreuzer2013catch\;latorre2010free\;mcgibbon2013learn
ing\;noe2009constructing\;pande2010everything\;prinz2011markov\;prinz2
011optimal\;schuette2003biomolecular\;schuette2011markov\;schwantes201
3improvements\;senne2012emma\;;
1 ExplicitGroup:adress\;0\;bulo2009toward\;delgado2009coupling\;delles
ite2011multiscale\;ensing2007energy\;fisher1964free\;fritsch2012adapti
ve\;heyden2008conservative\;junghans2010reference\;lambeth2010communic
ation\;lanford1973entropy\;louis2010coarse\;louis2010no\;matysiak2008m
odeling\;mueller2002coarse\;mukherji2012kirkwood\;mukherji2012preferen
tial\;nielsen2010adaptive\;nielsen2011nielsen\;peter2008classical\;pet
er2009multiscale\;poblete2010coupling\;poma2008separation\;praprotnik2
005adaptive\;praprotnik2006adaptive\;praprotnik2007adaptive\;praprotni
k2007adaptive1\;praprotnik2007fractional\;praprotnik2008multiscale\;pr
aprotnik2008simulation\;praprotnik2011comment\;praprotnik2011statistic
al\;shi2006mixed\;;
2 ExplicitGroup:fluctuation-compressibility\;0\;salacuse2007particle\;
salacuse2008particle\;;
2 ExplicitGroup:chemical potential & GC simulation\;0\;carter1989const
rained\;chang2009calculation\;ciccotti2005blue\;daly2012massively\;dav
id1997quantitative\;eslami2007molecular\;fixman1974classical\;ganguly2
013convergence\;hartmann2011two\;hermans1988excess\;ji1992dynamic\;jor
gensen1989free\;kuznetsova1999grand\;lu2003appropriate\;lynch1997grand
\;lyubartsev1994free\;mezei1992polynomial\;moore2011chemical\;moore201
2chemical\;mukherji2012kirkwood\;nutt2007molecular\;quintana1992chemic
al\;schneck2012hydration\;shroll1999molecular0\;shroll1999molecular1\;
vidler2000accurate\;walter2011ambient\;watanabe1990direct\;;
3 ExplicitGroup:mixtures\;0\;davis2010revised\;docherty2006potential\;
dyer2008importance\;geerke2006force\;harano2013morphometric\;jensen201
0calculation\;kaminski2009polarizable\;konrad2005solubility\;kuwajima2
006molecular\;kuznetsova2005grand\;lynden2002chemical\;paschek2004temp
erature\;shah2007molecular\;villa2002calculation\;yang2013comparison\;
;
2 ExplicitGroup:solvation free energy\;0\;horinek2009rational\;suzuoka
2012development\;;
1 ExplicitGroup:coarse-graining\;0\;ganguly2012kirkwood\;guttenberg201
3minimizing\;liu2013general\;reith2003deriving\;voth2009coarse\;zwicke
r1990does\;;
1 ExplicitGroup:nemd\;0\;ciccotti1975direct\;ciccotti1979thought\;dene
syuk2009equilibrium\;jones2011adaptive\;leimkuhler2008temperature\;lei
mkuhler2009gentle\;leimkuhler2011comparing\;orlandini2011hydrodynamics
\;orlandini2011hydrodynamics-01\;sivak2013using\;tuckerman1999classica
l\;tuckerman2001non\;;
2 ExplicitGroup:density perturbation\;0\;benjamin2006theoretical\;chor
ny2004molecular\;merzel2002first\;mittal2008static\;patel2010fluctuati
ons\;sarupria2009quantifying\;;
2 ExplicitGroup:water-structure\;0\;allesch2008first\;ashbaugh2003hydr
ation\;berne2009dewetting\;chandler2005interfaces\;clark2010small\;cla
rk2010structure\;grossman2004quantum\;guo2004lifetimes\;guo2011using\;
gutt2000structure\;head1995water\;head2006tetrahedral\;hotta2005fluctu
ating\;huang2009inhomogeneous\;hummer1998hydrophobic\;koh2000water\;la
age2009water\;li2007hydrophobic\;liu1996water\;luzar1996hydrogen\;lynd
en2011hydrogen\;mateus2011electronic\;meyer2006recent\;pertsemlidis199
6direct\;pertsemlidis1999evidence\;pratt1977theory\;pratt1980effects\;
rahman1973hydrogen\;sarma2012effect\;schulz2002dodecahedral\;schulz200
5new\;shimizu2000temperature\;smith1993free\;smolin2004molecular\;sope
r2010ambient\;southall2002view\;swaminathan1978monte\;udachin2001dense
\;van2006thermodynamics\;walsh2009microsecond\;widom2003hydrophobic\;w
u2008pairwise\;zangi2011driving\;;
3 ExplicitGroup:H-G paper cited\;0\;ashbaugh2003hydration\;grossman200
4quantum\;guo2004lifetimes\;hotta2005fluctuating\;hummer1998hydrophobi
c\;koh2000water\;li2007hydrophobic\;liu1996water\;pertsemlidis1996dire
ct\;pertsemlidis1999evidence\;schulz2002dodecahedral\;schulz2005new\;s
himizu2000temperature\;smolin2004molecular\;udachin2001dense\;wu2008pa
irwise\;zangi2011driving\;;
2 ExplicitGroup:non-equilibrium and response theory\;0\;Chaudhuri2012m
odified\;andrieux2007fluctuation\;baiesi2009fluctuations\;baiesi2009no
nequilibrium1\;baiesi2010nonequilibrium2\;baiesi2011modified\;baiesi20
12update\;chernyak2006path\;chetrite2009fluctuation\;colangeli2011mean
ingful\;crooks2000path\;cugliandolo2011effective\;evans2008fluctuation
\;evans2009dissipation\;evans2011entropy\;evans2012mathematical\;galla
votti1995dynamical\;gallavotti1995dynamical1\;gomez2011finite\;gomez20
11fluctuations\;hanggi1982stochastic\;hartmann2010communications\;lebo
witz1993boltzmann\;lebowitz1999gallavotti\;liu2010linear\;mallick2011f
ield\;marconi2008fluctuation\;mizuno2012mechanical\;perez2012infinite\
;platini2011measure\;reid2010different\;reid2012communication\;ross201
0thermodynamics\;ruelle2004conversations\;searles2007steady\;seifert20
05entropy\;seifert2010fluctuation\;seifert2012stochastic\;taniguchi200
8inertial\;verley2011modified\;verley2012inequalities\;williams2011non
equilibrium\;yuge2010sum\;zhang2011reconstructing\;;
3 ExplicitGroup:citing langevin\;0\;baiesi2011modified\;baiesi2012upda
te\;colangeli2011meaningful\;gomez2011finite\;gomez2011fluctuations\;m
izuno2012mechanical\;platini2011measure\;seifert2012stochastic\;;
3 ExplicitGroup:verifications and numerics\;0\;collin2005verification\
;imparato2007work\;paramore2007extending\;saha2009entropy\;vanzon2003s
tationary\;vanzon2004extended\;wang2002experimental\;;
2 ExplicitGroup:Mori-Zwanzig like things\;0\;hijon2009mori\;izvekov201
3microscopic\;mori1965transport\;reichman2005mode\;zwanzig1961memory\;
;
2 ExplicitGroup:GENERIC\;0\;grmela1997dynamics\;ottinger1997dynamics\;
;
2 ExplicitGroup:equi peptide studies\;0\;apostolakis1999calculation\;b
erezhkovskii2011peptides\;buchete2008coarse\;calvo2008folding\;chodera
2007automatic\;ferguson2011integrating\;ghiringhelli2008competing\;gna
nakaran2005helix\;seibert2005reproducible\;smith1999alanine\;sorin2005
exploring\;zhang2004fs\;;
2 ExplicitGroup:applications\;0\;;
3 ExplicitGroup:non-equi peptide\;0\;afrin2009tensile\;denschlag2010re
laxation\;lingenheil2008hot\;nguyen2003nonequilibrium\;nguyen2006noneq
uilibrium\;nguyen2006photoinduced\;solomentsev2012effects\;sporlein200
2ultrafast\;;
4 ExplicitGroup:tmp\;0\;kobus2011simulation\;milanesi2012measurement\;
nguyen2010nonequilibrium\;nguyen2011real\;;
4 ExplicitGroup:steered MD\;0\;afrin2009tensile\;ozer2010adaptive\;oze
r2012thermodynamics\;;
3 ExplicitGroup:elec. field & micro-wave\;0\;astrakas2011electric\;ast
rakas2012structural\;budi2005electric\;budi2007effect\;budi2008compara
tive\;calvo2008folding\;damm2012can\;english2003hydrogen\;english2003m
olecular\;english2007denaturation\;english2009nonequilibrium\;johari20
13effects\;legge2006protein\;solomentsev2010hydrogen\;toschi2008effect
s\;zhou2013dynamic\;;
3 ExplicitGroup:pulling mol\;0\;berkemeier2011fast\;best2008pulling\;l
annon2012force\;marianayagam2004folding\;wolfram2011implementation\;xi
a2011minimum\;;
3 ExplicitGroup:shear peptide\;0\;cetinkaya2011silk\;keten2010nanostru
cture\;yamane2003molecular\;;
3 ExplicitGroup:laser pulse\;0\;vogel2005mechanisms\;vogel2008femtosec
ond\;;
3 ExplicitGroup:water nanotube\;0\;bonthuis2011theory\;kannam2013fast\
;kumar2005thermodynamics\;pascal2011entropy\;wang2012nonequilibrium\;w
ang2013nonequilibrium\;;
3 ExplicitGroup:ligand binding\;0\;roberts2013ligand\;;
3 ExplicitGroup:boundary layer\;0\;bocquet1994hydrodynamic\;palmer1994
transverse\;petravic2006boundary\;petravic2007equilibrium\;petravic200
8equilibrium\;;
2 ExplicitGroup:non-equi general\;0\;jarzynski1997nonequilibrium\;leva
shov2013origin\;mann2009self\;pantazis2012relative\;qi2013quantificati
on\;yong2013thermostats\;;
2 ExplicitGroup:non-equi MSM\;0\;swope2004describing\;swope2004describ
ing2\;;
2 ExplicitGroup:rare events\;0\;allen2006forward\;allen2006simulating\
;;
1 ExplicitGroup:optimal control\;0\;fleming1992stochastic\;hartmann201
2efficient\;latorre2010free\;schutte2012optimal\;;
2 ExplicitGroup:butane siml.\;0\;daura1998parametrization\;oostenbrink
2004biomolecular\;oostenbrink2005validation\;schuler2001improved\;;
2 ExplicitGroup:model reduction\;0\;hartmann2011two\;legoll2010effecti
ve\;;
1 ExplicitGroup:inhomo Markov proc\;0\;;
2 ExplicitGroup:Oseledets Sets\;0\;froyland2010coherent\;froyland2010t
ransport\;froyland2011closing\;froyland2012analytic\;katok2007fifty\;;
1 ExplicitGroup:unsorted\;0\;best2012atomistic\;carrillo2012fast\;chen
1996renormalization\;cooke2008preserving\;eberard2007extension\;ge2012
markov\;givon2004extracting\;meerbach2008sequential\;perreault2000baye
sian\;wang2012exploring\;;
1 ExplicitGroup:confined water\;0\;meyer1999liquid\;;
}

