@article{alfe1998first,
  title={First-principles calculation of transport coefficients},
  author={Alfe, Dario and Gillan, Michael J},
  journal={Physical review letters},
  volume={81},
  number={23},
  pages={5161},
  year={1998},
  publisher={APS}
}

@Article{ferrenberg1991statistical,
  Title                    = {Statistical and systematic errors in monte carlo sampling},
  Author                   = {Ferrenberg, A.M. and Landau, D.P. and Binder, K.},
  Journal                  = {Journal of Statistical Physics},
  Year                     = {1991},
  Number                   = {5},
  Pages                    = {867--882},
  Volume                   = {63},

  File                     = {ferrenberg1991statistical.pdf:ferrenberg1991statistical.pdf:PDF},
  Publisher                = {Springer},
  Timestamp                = {2010.09.21}
}


@ARTICLE{pronk2013gromacs,
  author = {Pronk, S. and P{\'a}ll, S. and Schulz, R. and Larsson, P. and Bjelkmar,
	P. and Apostolov, R. and Shirts, M.R. and Smith, J.C. and Kasson,
	P.M. and van der Spoel, D. and Hess B. Lindahl E.},
  title = {GROMACS 4.5: a high-throughput and highly parallel open source molecular
	simulation toolkit},
  journal = {Bioinformatics},
  year = {2013},
  pages = {1--10},
  file = {pronk2013gromacs.pdf:pronk2013gromacs.pdf:PDF},
  publisher = {Oxford Univ Press},
  timestamp = {2013.04.21}
}

@article{hess2008gromacs,
  title={GROMACS 4: Algorithms for highly efficient, load-balanced, and scalable molecular simulation},
  author={Hess, Berk and Kutzner, Carsten and Van Der Spoel, David and Lindahl, Erik},
  journal={Journal of chemical theory and computation},
  volume={4},
  number={3},
  pages={435--447},
  year={2008},
  publisher={ACS Publications}
}

@ARTICLE{darden1993pme,
  author = {Darden, T. and York, D. and Pedersen, L.},
  title = {{Particle mesh Ewald: An $N \log (N)$ method for Ewald sums in large
	systems}},
  journal = {J. Chem. Phys.},
  year = {1993},
  volume = {98},
  pages = {10089},
  file = {darden1993pme.pdf:darden1993pme.pdf:PDF},
  publisher = {AIP}
}

@ARTICLE{essmann1995spm,
  author = {Essmann, U. and Perera, L. and Berkowitz, M.L. and Darden, T. and
	Lee, H. and Pedersen, L.G.},
  title = {{A smooth Particle Mesh Ewald method}},
  journal = {J. Chem. Phys.},
  year = {1995},
  volume = {103},
  pages = {8577},
  number = {19},
  file = {essmann1995spm.pdf:essmann1995spm.pdf:PDF}
}

@article{wang2010optimizing,
  title={Optimizing working parameters of the smooth particle mesh Ewald algorithm in terms of accuracy and efficiency},
  author={Wang, Han and Dommert, Florian and Holm, Christian},
  journal={The Journal of chemical physics},
  volume={133},
  number={3},
  pages={034117},
  year={2010},
  publisher={AIP Publishing}
}

@Article{vanderSpoel2006origin,
  Title                    = {The origin of layer structure artifacts in simulations of liquid water},
  Author                   = {van der Spoel, D. and van Maaren, P.J.},
  Journal                  = {Journal of Chemical Theory and Computation},
  Year                     = {2006},
  Number                   = {1},
  Pages                    = {1--11},
  Volume                   = {2},

  File                     = {vanderSpoel2006origin.pdf:vanderSpoel2006origin.pdf:PDF},
  Publisher                = {ACS Publications},
  Timestamp                = {2013.01.18}
}