
@Article{prinz2011markov,
  Title                    = {Markov models of molecular kinetics: Generation and validation},
  Author                   = {Prinz, J.H. and Wu, H. and Sarich, M. and Keller, B. and Senne, M. and Held, M. and Chodera, J.D. and Sch{\"u}tte, C. and No{\'e}, F.},
  Journal                  = {The Journal of chemical physics},
  Year                     = {2011},
  Pages                    = {174105},
  Volume                   = {134},

  File                     = {prinz2011markov.pdf:prinz2011markov.pdf:PDF;supplement material:prinz2011markov.support.pdf:PDF},
  Timestamp                = {2012.02.17}
}

@article{lindorff2010improved,
  title={Improved side-chain torsion potentials for the Amber ff99SB protein force field},
  author={Lindorff-Larsen, Kresten and Piana, Stefano and Palmo, Kim and Maragakis, Paul and Klepeis, John L and Dror, Ron O and Shaw, David E},
  journal={Proteins: Structure, Function, and Bioinformatics},
  volume={78},
  number={8},
  pages={1950--1958},
  year={2010},
  publisher={Wiley Online Library}
}

@article{alfe1998first,
  title={First-principles calculation of transport coefficients},
  author={Alfe, Dario and Gillan, Michael J},
  journal={Physical review letters},
  volume={81},
  number={23},
  pages={5161},
  year={1998},
  publisher={APS}
}

@Article{ferrenberg1991statistical,
  Title                    = {Statistical and systematic errors in monte carlo sampling},
  Author                   = {Ferrenberg, A.M. and Landau, D.P. and Binder, K.},
  Journal                  = {Journal of Statistical Physics},
  Year                     = {1991},
  Number                   = {5},
  Pages                    = {867--882},
  Volume                   = {63},

  File                     = {ferrenberg1991statistical.pdf:ferrenberg1991statistical.pdf:PDF},
  Publisher                = {Springer},
  Timestamp                = {2010.09.21}
}


@ARTICLE{pronk2013gromacs,
  author = {Pronk, S. and P{\'a}ll, S. and Schulz, R. and Larsson, P. and Bjelkmar,
	P. and Apostolov, R. and Shirts, M.R. and Smith, J.C. and Kasson,
	P.M. and van der Spoel, D. and Hess B. Lindahl E.},
  title = {GROMACS 4.5: a high-throughput and highly parallel open source molecular
	simulation toolkit},
  journal = {Bioinformatics},
  year = {2013},
  pages = {1--10},
  file = {pronk2013gromacs.pdf:pronk2013gromacs.pdf:PDF},
  publisher = {Oxford Univ Press},
  timestamp = {2013.04.21}
}

@article{hess2008gromacs,
  title={GROMACS 4: Algorithms for highly efficient, load-balanced, and scalable molecular simulation},
  author={Hess, Berk and Kutzner, Carsten and Van Der Spoel, David and Lindahl, Erik},
  journal={Journal of chemical theory and computation},
  volume={4},
  number={3},
  pages={435--447},
  year={2008},
  publisher={ACS Publications}
}

@ARTICLE{darden1993pme,
  author = {Darden, T. and York, D. and Pedersen, L.},
  title = {{Particle mesh Ewald: An $N \log (N)$ method for Ewald sums in large
	systems}},
  journal = {J. Chem. Phys.},
  year = {1993},
  volume = {98},
  pages = {10089},
  file = {darden1993pme.pdf:darden1993pme.pdf:PDF},
  publisher = {AIP}
}

@ARTICLE{essmann1995spm,
  author = {Essmann, U. and Perera, L. and Berkowitz, M.L. and Darden, T. and
	Lee, H. and Pedersen, L.G.},
  title = {{A smooth Particle Mesh Ewald method}},
  journal = {J. Chem. Phys.},
  year = {1995},
  volume = {103},
  pages = {8577},
  number = {19},
  file = {essmann1995spm.pdf:essmann1995spm.pdf:PDF}
}

@article{wang2010optimizing,
  title={Optimizing working parameters of the smooth particle mesh Ewald algorithm in terms of accuracy and efficiency},
  author={Wang, Han and Dommert, Florian and Holm, Christian},
  journal={The Journal of chemical physics},
  volume={133},
  number={3},
  pages={034117},
  year={2010},
  publisher={AIP Publishing}
}

@Article{vanderSpoel2006origin,
  Title                    = {The origin of layer structure artifacts in simulations of liquid water},
  Author                   = {van der Spoel, D. and van Maaren, P.J.},
  Journal                  = {Journal of Chemical Theory and Computation},
  Year                     = {2006},
  Number                   = {1},
  Pages                    = {1--11},
  Volume                   = {2},

  File                     = {vanderSpoel2006origin.pdf:vanderSpoel2006origin.pdf:PDF},
  Publisher                = {ACS Publications},
  Timestamp                = {2013.01.18}
}

@article{bennett1976efficient,
  title={Efficient estimation of free energy differences from Monte Carlo data},
  author={Bennett, Charles H},
  journal={Journal of Computational Physics},
  volume={22},
  number={2},
  pages={245--268},
  year={1976},
  publisher={Elsevier}
}

@article{wang2011existence,
  title={On the existence of a third-order phase transition beyond the Andrews critical point: A molecular dynamics study},
  author={Wang, Han and Delle Site, Luigi and Zhang, Pingwen},
  journal={The Journal of chemical physics},
  volume={135},
  number={22},
  pages={224506},
  year={2011},
  publisher={AIP Publishing}
}

@Article{milchev1986fluctuations,
  Title                    = {Fluctuations and lack of self-averaging in the kinetics of domain growth},
  Author                   = {Milchev, A. and Binder, K. and Heermann, DW},
  Journal                  = {Zeitschrift f{\"u}r Physik B: Condensed Matter},
  Year                     = {1986},
  Number                   = {4},
  Pages                    = {521--535},
  Volume                   = {63},

  File                     = {milchev1986fluctuations.pdf:milchev1986fluctuations.pdf:PDF},
  Publisher                = {Springer},
  Timestamp                = {2010.09.21}
}

@article{jorgensen1983comparison,
  title={Comparison of simple potential functions for simulating liquid water},
  author={Jorgensen, William L and Chandrasekhar, Jayaraman and Madura, Jeffry D and Impey, Roger W and Klein, Michael L},
  journal={The Journal of chemical physics},
  volume={79},
  number={2},
  pages={926--935},
  year={1983},
  publisher={AIP Publishing}
}

@Article{nose1984molecular,
  Title                    = {A molecular dynamics method for simulations in the canonical ensemble},
  Author                   = {Nos{\'e}, S.},
  Journal                  = {Molecular Physics},
  Year                     = {1984},
  Number                   = {2},
  Pages                    = {255--268},
  Volume                   = {52},

  File                     = {nose1984molecular.pdf:nose1984molecular.pdf:PDF},
  Publisher                = {Taylor \& Francis},
  Timestamp                = {2010.09.19}
}

@Article{hoover1985canonical,
  Title                    = {Canonical dynamics: Equilibrium phase-space distributions},
  Author                   = {Hoover, W.G.},
  Journal                  = {Physical Review A},
  Year                     = {1985},
  Number                   = {3},
  Pages                    = {1695--1697},
  Volume                   = {31},

  File                     = {hoover1985canonical.pdf:hoover1985canonical.pdf:PDF},
  ISSN                     = {1094-1622},
  Publisher                = {APS},
  Timestamp                = {2011.03.06}
}

@Article{parrinello1980crystal,
  Title                    = {Crystal structure and pair potentials: A molecular-dynamics study},
  Author                   = {Parrinello, M. and Rahman, A.},
  Journal                  = {Physical Review Letters},
  Year                     = {1980},
  Number                   = {14},
  Pages                    = {1196--1199},
  Volume                   = {45},

  File                     = {parrinello1980crystal.pdf:parrinello1980crystal.pdf:PDF},
  Publisher                = {APS},
  Timestamp                = {2010.07.12}
}

@Article{parrinello1981polymorphic,
  Title                    = {Polymorphic transitions in single crystals: A new molecular dynamics method},
  Author                   = {Parrinello, M. and Rahman, A.},
  Journal                  = {Journal of Applied Physics},
  Year                     = {1981},
  Pages                    = {7182},
  Volume                   = {52},

  File                     = {parrinello1981polymorphic.pdf:parrinello1981polymorphic.pdf:PDF},
  Review                   = {Parrinello-Rahman barostat},
  Timestamp                = {2010.05.13}
}

@Article{janke2002statistical,
  Title                    = {Statistical analysis of simulations: data correlations and error estimation},
  Author                   = {Janke, W.},
  Journal                  = {Quantum Simulations of Complex Many-Body Systems: From Theory to Algorithms},
  Year                     = {2002},
  Pages                    = {423--445},
  Volume                   = {10},

  File                     = {janke2002statistical.pdf:janke2002statistical.pdf:PDF},
  Publisher                = {Citeseer},
  Timestamp                = {2010.07.07}
}

@Article{fukuda2014zero,
  Title                    = {The zero-multipole summation method for estimating electrostatic
interactions in molecular dynamics: Analysis of the accuracy and
application to liquid systems},
  Author                   = {Fukuda, I. and Kamiya, N. and Nakamura, H.},
  Journal                  = {The Journal of Chemical Physics},
  Year                     = {2014},
  Pages                    = {194307},
  Volume                   = {140},

  File                     = {fukuda2014zero.pdf:/home/wanghan/study/pdfPool/fukuda2014zero.pdf:PDF},
  Timestamp                = {2014.05.21}
}

@Article{onsager1936electric,
  Title                    = {Electric moments of molecules in liquids},
  Author                   = {Onsager, Lars},
  Journal                  = {Journal of the American Chemical Society},
  Year                     = {1936},
  Number                   = {8},
  Pages                    = {1486--1493},
  Volume                   = {58},

  File                     = {onsager1936electric.pdf:/home/wanghan/study/pdfPool/onsager1936electric.pdf:PDF},
  Publisher                = {ACS Publications},
  Timestamp                = {2014.11.10}
}

@Article{tironi1995generalized,
  Title                    = {A generalized reaction field method for molecular dynamics simulations},
  Author                   = {Tironi, I.G. and Sperb, R. and Smith, P.E. and van Gunsteren, W.F.},
  Journal                  = {The Journal of chemical physics},
  Year                     = {1995},
  Pages                    = {5451},
  Volume                   = {102},

  File                     = {tironi1995generalized.pdf:tironi1995generalized.pdf:PDF},
  Timestamp                = {2012.09.20}
}
